3677 2819
514 265 287 96 AcaMN

944 199 832 146 Mn r0 dib0cendau n d Foc

538 352 124 87 Pni

704 366 61 117 370

763 324 602 131 doifres ane Son proe

1005 436 743 109 enPrxcapur 30+ e 3 aumistonit de

942 521 505 110 Tna Poipautnif

173 725 1633 134 1er temoin Jehan Gaultier tailleur demourant a

509 833 1241 113 artenay parroisse de Vezieres aage de quarente anx

493 934 1304 116 femmroy eippet groduntt Juroz et eÌptnin & ur

509 1026 1253 115 (opt eugnoa Prufccnf et dafomnd et tictoir

509 1132 1267 103 et pillages faitz aud chavigny par ceulx de lad

507 1228 1259 115 religion anrconpay et deppendances Durguoz il d

507 1322 1290 110 et deppost par 1y fomient que eydovembie dasnion 31

512 1428 1252 108 diccofant, Pot yozd'off de la nouvelle religion

965 1402 160 59 Fritier

514 1519 1252 113 passa par ledit lieu de Vezieres et [?] legis a [pliueu]

509 1616 1206 115 cept oyl &a maisoy dudit cofant et Doid Eond

519 1728 1221 109 vendredy quilz allvent audit chavigny qui est [?]

521 1811 1234 112 dela maisoy dudit desseosant est le  lundy enfuy

521 1891 1210 133 il depposant fut audit lieu de chavigny

526 2010 1233 125 lord que le chasteau dudit chavigny estuy ruine

526 2116 1233 103 et tous les logis dudit lieu force e port[?]

535 2203 1288 108 estoiyent bruslez et [auyt] este faict par

538 2299 1198 115 ceulx de lay nouvelle religion comme

192 1040 31 99 1

2213 202 1264 152 Il estoit notoire et aussi quil epposant cavoit vu

2234 307 1247 127 ey soy entur auparavant quilz y allassent [Maye?]

2196 392 1274 115 ny e estoit lors quil fut brusle et oyt dvie tout doe Gtout

2149 498 59 119 2

2229 479 1269 103 [...] que les (gens) de la nouvelle religion avouait

2234 589 1257 89 tout pille et gui estoue audit chateau et autre

2241 660 1217 112 chose ne aultrement de [...] bruslement et pillages

2227 749 1200 122 n'en sont apaule sinon quilz dit qu'il derre [...]

2264 855 1152 112 [..........] de chavigny fut par eulz

2260 932 1144 127 prinse Il depposant estant a la porte de la

2253 1045 1247 117 bouvege (ou il avoua este [...] par le seigneur de

2257 1134 1180 118 la mezangive qui avouet sa sacque blanche et

2255 1226 1224 103 portoit armee [....] le (seigneur) de la nouvelle

2253 1315 1196 129 religion ou chacun appele bourart qui

2267 1423 1196 115 auduissoit lartillerye de (seigneur) de la nouvelle religion

2269 1517 1231 113 et en avouoit six pieces, dist audict la mezangive

2274 1611 1144 108 que ceulz qui estouet pour ledict seigneur de

2544 1672 21 68 2

2274 1707 1200 118 chavigny audict chasteau s'estoit bientost

2271 1797 1234 115 rendu et que on avouet mande audict bucart

2279 1891 1165 131 quil y allast leur que tout estoyt faict

2271 1970 1234 160 disant oultre (ledit) bourart quil scavoit [...]

2279 2079 1029 145 la [...] position qui son devouet (faire) et [...]

3364 2102 66 70 25

2290 2177 1079 167 plusieur de [...] la nouvelle religion qui

1628 2525 33 106 3

2107 2236 24 157 1
