3548 2681
471 207 1235 114 l'e ſccuutioev Si fuuu &e fou ceuuttce cufuo¬

446 301 1283 112 ſece pucuutir Scqucc &eò uy eu Euueo enuuſt

449 386 1244 121 Je S-ppe ſaut quu &y iueſt cy c6.L Ol

475 491 1133 116 Jait ſairlurr &St et ofj-aitl. S-vy e ſe

397 571 805 103 Cci siguué Or cau ale¬

111 933 230 150 3e temoin

458 907 1222 134 Dame francoye Mydart veufue de feu

440 1016 1213 116 messire francoys de sainct paoul en soi vivant

440 1112 1262 103 chevallier seigneur de misre pays de normandye

426 1197 1307 96 demeurant aveec ladicte dame de chavigny aage

435 1280 1276 105 de soixante ans ou environ temoing produict

444 1371 1276 108 jure oy et examine [???e] les precedains et sur

442 1447 1262 128 pareils faictz surquoy elle eut et deppose par

453 1557 1233 105 soy serment que des le commancement des

455 1637 1218 112 presens troubles les seigneur de chavigny

442 1722 1240 98 seroit alle au camp pour le service du roy

440 1807 1262 112 et de laisse audict chavigny sa femme et aucunes

444 1919 1271 100 gentils hommes et soldatz et quelque temps

442 2006 1287 100 apres [?] aultrement elle ne sect declarer annoyz

440 2097 1273 132 que le bruit estoit que les ennemys aprochere

1921 189 83 81 [?]

2124 198 1269 121 ladicte dame se retira a chinon avecg aucunes de

2127 285 1219 119 ses serviteurs dame [sectgues] et emmena avecq

2122 359 1253 114 elle quelque partye deses meubles pour sz

2127 475 1253 83 [vsage] et vint ety [sr] grande dilligens quelle

2111 529 1251 127 ne sent ey fe venu audict chinon surz

2104 609 1271 130 porter y et demmoura oudict chasteau grande

2104 697 1278 143 quantite de tapisseries dabillemens et tous

2106 784 1249 143 les lutz ensemble y demourerent les partye

2104 884 1260 148 foings et bledz en grand nombre quelle

2089 971 1302 155 ne set declarer plus emg pourecaulx gras

2129 1074 1208 141 et grand nombre de coffres pleins de

2133 1168 1234 138 linge et aultres meubles [crimme] tout ebord

2138 1284 1249 136 elle depposant qui me bouges dudict chasteau

2127 1398 1222 116 avecques les gentilz hommes et aultres qui

2122 1483 1204 121 y demourerent est dict que certain jour de

2073 1570 1285 127 vendredy parapres au mois de decembre elle

2133 1675 1247 132 depposant estant audict lieu icelluy chasteau

2131 1776 1227 120 de chavigny fut assiege par larmee de ceulx

2120 1876 1206 112 dela nouvelle religion et fut tire plu[?]s

2135 1995 1187 98 coups de [d]arquebuzades les vugs [alre]

2127 2064 1248 121 les aultres et environ deux genres apres

2144 2147 1207 149 mydy dudict jour ausi que ceulx qui estoient

1921 2392 38 94 7
