<?xml version="1.0" encoding="UTF-8"?>
<alto xmlns:xsi="http://www.w3.org/2001/XMLSchema-instance"
      xmlns="http://www.loc.gov/standards/alto/ns-v4#"
      xsi:schemaLocation="http://www.loc.gov/standards/alto/ns-v4# http://www.loc.gov/standards/alto/v4/alto-4-2.xsd">
  <Description>
    <MeasurementUnit>pixel</MeasurementUnit>
    <sourceImageInformation>
      <fileName>6.JPG</fileName>
      
    </sourceImageInformation>
  </Description>
  
  <Layout>
    <Page WIDTH="3563"
          HEIGHT="2708"
          PHYSICAL_IMG_NR="2"
          ID="eSc_dummypage_">
      <PrintSpace HPOS="0"
                  VPOS="0"
                  WIDTH="3563"
                  HEIGHT="2708">
        
        <TextBlock HPOS="162"
                   VPOS="216"
                   WIDTH="1587"
                   HEIGHT="2119"
                   ID="eSc_textblock_b88b6d15"
                   TAGREFS="BT">
          <Shape><Polygon POINTS="830 216 1668 225 1713 261 1749 514 1749 1938 1731 2290 1695 2317 1436 2335 1108 2290 469 2272 424 2128 451 1886 415 1803 442 1694 415 1191 451 884 171 873 162 803 189 740 442 710 451 234 830 216"/></Shape>
          
          
          <TextLine ID="eSc_line_055cc0f8"
                    
                    BASELINE="467 304 1101 284 1670 286" 
                    HPOS="465"
                    VPOS="207"
                    WIDTH="1205"
                    HEIGHT="124">
            <Shape><Polygon POINTS="467 304 467 225 501 252 523 234 523 234 526 234 526 234 528 234 528 234 528 234 530 234 530 234 530 234 532 234 532 234 573 252 738 252 772 227 788 216 790 216 790 216 790 216 792 216 792 216 794 216 848 216 848 216 848 216 851 216 851 216 853 216 853 216 869 230 882 239 905 230 941 214 941 214 943 214 943 214 943 214 1025 212 1027 212 1090 212 1090 212 1090 212 1092 212 1092 212 1142 232 1162 239 1180 232 1228 212 1228 212 1230 212 1230 212 1232 212 1232 212 1232 212 1235 212 1235 212 1235 212 1237 212 1264 232 1271 236 1287 232 1370 207 1372 207 1372 207 1375 207 1451 207 1451 207 1451 207 1454 207 1454 207 1454 207 1456 207 1456 207 1487 234 1492 236 1666 236 1670 286 1670 302 1490 318 1487 318 1487 318 1487 318 1485 318 1485 318 1458 304 1449 302 1433 304 1404 311 1404 311 1404 311 1402 311 1402 311 1399 311 1379 306 1347 297 1325 306 1287 322 1287 322 1284 322 1284 322 1284 324 1282 322 1282 322 1280 322 1280 322 1244 306 1235 302 1070 302 1058 309 1040 324 1040 324 1038 324 1038 324 1038 324 1036 324 1036 324 1036 324 1034 324 1034 324 1031 324 1031 324 1031 324 1029 324 1029 324 1011 309 1004 309 918 304 905 311 862 329 862 329 860 329 860 329 860 329 858 329 858 329 858 329 855 329 803 311 794 309 729 311 727 311 702 331 702 331 699 331 699 331 697 331 697 331 697 331 695 331 695 331 693 331 693 331 693 331 690 331 668 315 654 327 654 327 652 327 652 327 650 327 650 327 650 327 648 327 648 327 645 327 598 315 562 331 562 331 559 331 559 331 559 331 557 331 557 331 465 313"/></Shape>
	    <String CONTENT="dedans et ceuls [de??] delanouvelle religion"
                    HPOS="465"
                    VPOS="207"
                    WIDTH="1205"
                    HEIGHT="124"></String>
          </TextLine>

          
          
          <TextLine ID="eSc_line_7a95a077"
                    
                    BASELINE="465 383 1185 363 1727 376" 
                    HPOS="460"
                    VPOS="302"
                    WIDTH="1267"
                    HEIGHT="106">
            <Shape><Polygon POINTS="465 383 460 329 618 329 625 327 643 313 645 313 645 313 645 313 648 313 648 313 650 313 650 313 650 313 652 313 652 313 652 313 654 313 672 327 677 329 686 327 738 309 740 309 740 309 740 309 742 309 742 309 742 309 745 309 745 309 745 309 747 309 765 322 790 309 790 309 790 309 792 309 792 309 792 309 794 309 794 309 797 309 797 309 797 309 799 309 799 309 799 311 812 322 864 306 867 306 867 306 869 306 869 306 1007 324 1016 324 1018 324 1036 309 1036 306 1036 306 1038 306 1038 306 1040 306 1040 306 1040 306 1043 306 1205 313 1246 302 1248 302 1248 302 1248 302 1250 302 1250 302 1253 302 1320 320 1357 302 1357 302 1357 302 1359 302 1359 302 1361 302 1456 302 1456 302 1456 302 1458 302 1515 320 1517 320 1517 320 1562 306 1564 306 1564 306 1564 306 1566 306 1566 306 1566 306 1569 306 1569 306 1571 306 1594 320 1594 320 1596 320 1634 306 1636 306 1636 306 1636 306 1639 306 1639 306 1641 306 1641 306 1641 306 1643 306 1661 320 1666 320 1722 320 1727 376 1727 388 1580 399 1578 399 1578 399 1578 399 1576 399 1576 399 1576 399 1573 399 1573 399 1573 397 1566 392 1553 379 1447 379 1424 392 1422 392 1422 392 1422 392 1420 392 1420 392 1417 392 1417 392 1417 392 1415 392 1415 392 1415 392 1413 392 1413 392 1397 379 1307 379 1223 397 1189 403 1189 403 1189 403 1187 403 1187 403 1185 403 1185 403 1185 403 1183 403 1183 403 1176 397 1160 385 1137 394 1137 394 1135 394 1135 394 1135 394 1133 394 1133 394 1131 394 1131 394 1131 394 1128 394 1106 381 1016 381 1004 390 1004 392 1004 392 1002 392 1002 392 1002 392 1000 392 1000 392 998 392 998 392 998 392 995 392 995 392 970 381 928 401 918 406 918 406 918 406 916 406 916 406 916 408 839 408 837 406 837 406 819 403 715 383 684 403 681 403 681 403 679 403 679 403 679 403 677 403 677 403 675 403 675 403 675 403 638 385 609 403 607 403 607 403 607 403 605 403 605 403 602 403 602 403 519 394 467 408"/></Shape>
	    <String CONTENT="par lementoyent iceulx dela[?]nouvelle religion"
                    HPOS="460"
                    VPOS="302"
                    WIDTH="1267"
                    HEIGHT="106"></String>
          </TextLine>

          
          
          <TextLine ID="eSc_line_e17c2774"
                    
                    BASELINE="465 460 1363 437 1693 440" 
                    HPOS="458"
                    VPOS="372"
                    WIDTH="1235"
                    HEIGHT="113">
            <Shape><Polygon POINTS="465 460 458 419 494 401 494 401 494 401 496 401 496 401 499 401 499 401 499 401 501 401 532 410 571 390 571 390 571 390 573 390 573 390 573 390 575 390 575 390 578 390 578 390 636 412 657 399 659 399 659 399 659 399 661 399 661 399 663 399 663 399 666 399 711 410 736 390 736 388 736 388 738 388 738 388 738 388 740 388 740 388 778 385 781 385 781 385 923 406 986 381 986 381 988 381 988 381 991 381 1018 381 1018 381 1018 381 1020 381 1020 381 1020 381 1022 381 1022 381 1022 383 1045 403 1128 403 1147 385 1147 383 1147 383 1149 383 1149 383 1149 383 1151 383 1151 383 1153 383 1153 383 1153 383 1226 399 1273 379 1273 379 1275 379 1275 379 1277 379 1320 379 1320 379 1320 379 1323 379 1323 379 1323 379 1325 379 1325 379 1341 392 1361 376 1361 374 1361 374 1363 374 1363 374 1366 374 1366 374 1366 374 1413 372 1415 372 1415 372 1415 372 1417 372 1417 372 1472 397 1492 397 1515 397 1517 394 1546 372 1546 372 1548 372 1548 372 1551 372 1551 372 1551 372 1553 372 1553 372 1553 372 1555 372 1555 372 1557 372 1594 392 1688 392 1693 440 1691 451 1609 467 1609 467 1609 467 1607 467 1607 467 1605 467 1605 467 1605 467 1603 467 1585 455 1569 446 1318 449 1259 464 1203 476 1203 476 1203 476 1201 476 1201 476 1126 467 1040 458 1009 471 984 480 984 480 982 480 982 480 982 480 979 480 867 473 679 464 654 480 650 485 648 485 648 485 648 485 645 485 645 485 645 485 643 485 643 485 641 485 641 485 641 485 632 480 611 471 589 482 582 485 582 485 580 485 580 485 580 485 578 485 578 485 575 485 566 482 521 471 467 485"/></Shape>
	    <String CONTENT="entrerent audict chasteau en grand nombre"
                    HPOS="458"
                    VPOS="372"
                    WIDTH="1235"
                    HEIGHT="113"></String>
          </TextLine>

          
          
          <TextLine ID="eSc_line_56e87084"
                    
                    BASELINE="471 555 1007 528 1727 519" 
                    HPOS="465"
                    VPOS="440"
                    WIDTH="1262"
                    HEIGHT="139">
            <Shape><Polygon POINTS="471 555 465 489 810 482 833 473 853 467 855 467 855 467 855 467 858 467 858 467 905 471 959 476 970 469 1004 442 1004 442 1007 442 1007 442 1007 442 1009 442 1009 442 1009 442 1720 440 1727 519 1725 532 1585 548 1585 548 1582 548 1582 548 1580 548 1580 548 1557 539 1539 532 1533 541 1530 543 1528 543 1528 546 1528 546 1526 546 1526 546 1526 546 1524 546 1524 546 1521 546 1521 546 1487 541 1422 534 1386 546 1359 555 1357 555 1357 555 1357 555 1250 559 1248 559 1248 559 1248 559 1214 552 1165 541 1153 555 1153 557 1151 557 1151 559 1151 559 1151 559 1149 559 1149 559 1147 559 1147 559 1147 559 1144 559 1144 559 1117 557 1083 552 1027 559 975 566 975 566 973 566 973 566 973 566 970 566 957 561 907 548 830 566 812 570 812 570 812 570 810 570 810 570 810 570 808 570 808 570 806 570 806 570 803 568 781 552 666 552 616 575 616 575 616 575 614 575 614 575 614 575 471 579"/></Shape>
	    <String CONTENT="et estans en icelluy dend quilz tuerent de"
                    HPOS="465"
                    VPOS="440"
                    WIDTH="1262"
                    HEIGHT="139"></String>
          </TextLine>

          
          
          <TextLine ID="eSc_line_3250f52f"
                    
                    BASELINE="474 636 946 613 1738 607" 
                    HPOS="469"
                    VPOS="528"
                    WIDTH="1271"
                    HEIGHT="146">
            <Shape><Polygon POINTS="474 636 469 566 512 557 512 557 512 557 514 557 514 557 517 557 541 564 589 575 623 573 634 561 648 550 648 548 648 548 650 548 650 548 652 548 652 548 652 548 801 546 803 546 803 546 806 546 806 546 806 546 826 557 828 557 839 557 894 550 894 550 896 550 896 550 898 550 898 550 898 550 900 550 900 550 905 555 923 568 1000 568 1025 552 1038 543 1040 543 1040 543 1043 543 1043 543 1081 539 1081 539 1083 539 1083 539 1086 539 1086 539 1086 539 1088 539 1088 539 1088 539 1099 550 1101 550 1101 550 1115 539 1115 539 1117 539 1117 539 1119 539 1119 539 1119 539 1189 537 1192 537 1192 537 1192 537 1194 537 1228 548 1273 561 1533 559 1560 539 1566 534 1569 534 1569 534 1569 534 1571 534 1571 534 1571 534 1573 534 1573 534 1573 534 1576 534 1576 534 1587 539 1612 550 1646 537 1675 528 1677 528 1677 528 1677 528 1679 528 1679 528 1734 537 1738 607 1740 622 1718 638 1716 638 1716 638 1716 638 1713 638 1713 638 1713 638 1711 638 1711 638 1709 638 1661 625 1623 616 1553 616 1533 631 1533 631 1530 631 1530 631 1530 631 1528 631 1528 631 1528 631 1526 631 1512 631 1384 622 1347 638 1305 658 1305 658 1302 658 1302 658 1302 658 1192 661 1189 661 1140 658 1140 658 1140 658 1137 658 1137 658 1137 658 1135 658 1122 647 1086 625 1043 625 1018 647 1018 649 1018 649 1016 649 1016 649 1016 649 1013 649 1013 649 1011 649 1011 649 837 629 718 636 693 665 693 667 690 667 690 670 690 670 688 670 688 670 688 670 686 670 686 670 686 670 575 672 573 672 573 672 571 672 566 672 526 658 476 674"/></Shape>
	    <String CONTENT="sang froid ung apelle le seigneur de tarant"
                    HPOS="469"
                    VPOS="528"
                    WIDTH="1271"
                    HEIGHT="146"></String>
          </TextLine>

          
          
          <TextLine ID="eSc_line_3d369de7"
                    
                    BASELINE="458 717 943 706 1684 708" 
                    HPOS="451"
                    VPOS="631"
                    WIDTH="1233"
                    HEIGHT="120">
            <Shape><Polygon POINTS="458 717 451 670 537 656 537 656 539 656 539 656 539 656 541 656 541 656 541 656 544 656 544 656 555 667 557 670 702 670 711 665 769 640 769 640 772 640 772 640 772 640 774 640 774 640 776 640 776 640 799 649 815 636 815 636 817 636 817 636 817 636 819 636 819 636 819 636 921 634 923 634 1054 634 1054 634 1054 634 1056 634 1056 634 1056 634 1104 658 1110 663 1117 658 1147 638 1149 638 1149 638 1149 638 1151 638 1151 638 1151 638 1153 638 1153 638 1156 638 1156 638 1156 638 1158 638 1185 656 1198 665 1239 656 1314 638 1314 638 1314 638 1316 638 1316 638 1316 638 1318 638 1318 638 1318 638 1347 654 1352 656 1361 654 1397 643 1399 643 1399 643 1399 643 1402 643 1402 643 1404 643 1404 643 1404 643 1406 643 1406 643 1417 654 1429 663 1469 652 1548 631 1551 631 1551 631 1553 631 1553 631 1553 631 1555 631 1555 631 1598 649 1630 663 1677 649 1684 708 1679 740 1408 722 1384 742 1379 746 1379 746 1377 746 1377 746 1377 746 1375 746 1375 746 1375 746 1372 746 1325 744 1325 744 1325 744 1323 744 1323 744 1320 744 1318 742 1289 724 1226 740 1223 740 1223 740 1221 740 1221 740 1221 740 1219 740 1219 740 1217 740 1217 740 1217 737 1198 724 1065 724 1034 742 1034 742 1034 742 1034 742 1031 742 1031 742 1031 742 1029 742 1013 742 928 737 921 742 914 749 914 749 912 749 912 749 912 749 909 749 909 749 909 751 758 751 756 749 756 749 754 749 754 749 754 749 751 749 751 749 745 742 727 726 688 740 688 740 686 740 686 740 684 740 684 740 684 740 681 740 634 726 607 742 605 744 602 744 602 744 600 744 600 744 600 744 598 744 598 744 584 742 483 726 462 742"/></Shape>
	    <String CONTENT="nomme messire guguers prestre de"
                    HPOS="451"
                    VPOS="631"
                    WIDTH="1233"
                    HEIGHT="120"></String>
          </TextLine>

          
          
          <TextLine ID="eSc_line_dec4e751"
                    
                    BASELINE="191 789 487 769" 
                    HPOS="182"
                    VPOS="701"
                    WIDTH="305"
                    HEIGHT="127">
            <Shape><Polygon POINTS="191 789 182 706 252 701 255 701 255 701 255 701 257 701 257 701 277 710 318 731 381 728 392 717 406 706 406 704 406 704 408 704 408 704 410 704 410 704 410 704 413 704 413 704 415 704 485 724 487 769 487 787 390 814 388 814 388 814 386 814 386 814 343 807 293 801 268 819 261 823 259 823 259 823 259 823 257 823 257 823 191 828"/></Shape>
	    <String CONTENT="5 personne"
                    HPOS="182"
                    VPOS="701"
                    WIDTH="305"
                    HEIGHT="127"></String>
          </TextLine>

          
          
          <TextLine ID="eSc_line_0c102789"
                    
                    BASELINE="169 859 338 857" 
                    HPOS="160"
                    VPOS="812"
                    WIDTH="178"
                    HEIGHT="83">
            <Shape><Polygon POINTS="169 859 160 828 191 812 191 812 191 812 194 812 194 812 194 812 196 812 334 823 338 857 338 875 169 895"/></Shape>
	    <String CONTENT="tuees"
                    HPOS="160"
                    VPOS="812"
                    WIDTH="178"
                    HEIGHT="83"></String>
          </TextLine>

          
          
          <TextLine ID="eSc_line_81031857"
                    
                    BASELINE="471 828 1036 807 1731 812" 
                    HPOS="465"
                    VPOS="737"
                    WIDTH="1266"
                    HEIGHT="122">
            <Shape><Polygon POINTS="471 828 465 776 512 753 512 753 514 753 514 753 514 753 517 753 517 753 517 753 519 753 519 753 521 753 553 774 609 774 623 760 623 758 623 758 625 758 625 758 625 758 627 758 627 758 629 758 629 758 629 758 632 758 632 758 634 758 657 771 688 760 690 760 690 760 690 760 693 760 821 769 835 769 837 769 860 746 860 744 860 744 862 744 862 744 862 744 864 744 864 744 903 742 905 742 905 742 905 742 964 753 1002 742 1004 742 1004 742 1004 742 1007 742 1007 742 1009 742 1009 742 1009 742 1011 742 1011 742 1027 755 1058 742 1058 742 1061 742 1061 742 1063 742 1214 742 1214 742 1214 742 1217 742 1217 742 1217 742 1253 760 1262 765 1291 760 1363 749 1363 749 1366 749 1366 749 1366 749 1411 758 1433 762 1442 758 1472 737 1474 737 1474 737 1474 737 1476 737 1476 737 1478 737 1478 737 1478 737 1481 737 1481 737 1481 737 1517 755 1528 762 1548 755 1569 749 1571 749 1571 749 1571 749 1573 749 1573 749 1576 749 1600 755 1625 760 1727 753 1731 812 1729 825 1625 816 1607 830 1589 846 1589 846 1587 846 1587 846 1587 846 1585 846 1585 846 1548 848 1546 848 1546 848 1546 848 1544 848 1494 832 1449 819 1402 834 1388 839 1386 839 1386 839 1386 839 1384 839 1384 839 1359 837 1293 825 1264 839 1241 848 1241 848 1239 848 1239 848 1239 848 1237 848 1237 848 1237 848 1235 848 1235 848 1232 848 1232 848 1221 839 1194 821 1124 821 1083 821 1049 843 1036 853 1034 853 1034 853 1034 853 1031 853 1031 853 1029 853 1029 853 1029 853 1027 853 1027 853 1027 853 1025 853 1025 853 1016 843 993 825 905 823 830 823 803 843 801 843 801 843 801 843 799 843 799 843 799 843 797 843 797 843 794 843 794 843 794 843 760 828 702 853 690 857 690 857 688 857 688 857 688 859 471 859"/></Shape>
	    <String CONTENT="sapestrier le boullenger ung appelle rene"
                    HPOS="465"
                    VPOS="737"
                    WIDTH="1266"
                    HEIGHT="122"></String>
          </TextLine>

          
          
          <TextLine ID="eSc_line_367e55e2"
                    
                    BASELINE="460 927 1088 902 1716 907" 
                    HPOS="451"
                    VPOS="830"
                    WIDTH="1265"
                    HEIGHT="135">
            <Shape><Polygon POINTS="460 927 451 873 499 850 499 850 501 850 501 850 501 850 503 850 503 850 503 850 505 850 505 850 508 850 535 868 559 850 562 850 562 850 562 850 564 850 564 850 564 850 566 850 566 850 568 850 568 850 568 850 607 871 636 871 672 871 672 868 697 846 697 843 697 843 699 843 699 843 699 843 702 843 702 843 702 843 873 839 876 839 984 839 984 839 984 839 986 839 1054 862 1086 839 1088 839 1088 839 1088 839 1090 839 1090 839 1090 839 1092 839 1092 839 1095 839 1162 857 1239 839 1239 839 1239 839 1241 839 1241 839 1241 839 1244 839 1244 839 1287 859 1289 859 1293 859 1375 832 1377 832 1377 832 1377 832 1379 832 1379 832 1381 832 1429 846 1454 830 1456 830 1456 830 1456 830 1458 830 1458 830 1460 830 1460 830 1460 830 1463 830 1463 830 1465 830 1465 830 1497 855 1499 855 1711 853 1716 907 1711 929 1686 922 1666 932 1643 941 1643 941 1641 941 1641 941 1641 941 1639 941 1639 941 1636 941 1636 941 1636 941 1618 932 1585 916 1542 934 1512 947 1512 947 1510 947 1510 947 1510 947 1417 950 1415 950 1415 950 1413 950 1413 950 1413 950 1390 938 1347 916 1314 941 1300 952 1300 952 1298 952 1298 952 1296 952 1296 952 1296 954 1255 954 1253 952 1253 952 1250 952 1250 952 1250 952 1248 952 1248 952 1248 950 1239 943 1214 918 1088 929 1086 929 1086 929 1086 929 1040 920 1022 934 1022 936 1022 936 1020 936 1020 936 1020 936 1018 936 1018 936 1016 936 1016 936 1016 936 948 922 914 952 914 952 912 952 912 952 912 952 912 952 909 952 909 952 871 956 871 956 869 956 869 956 867 956 867 956 858 954 781 925 718 941 715 941 715 941 713 941 713 941 713 941 711 941 711 941 711 941 708 941 708 941 708 938 695 927 652 927 566 961 562 963 562 963 559 963 559 963 559 965 460 965"/></Shape>
	    <String CONTENT="le fertuex et aussi incontenant quilz y furent"
                    HPOS="451"
                    VPOS="830"
                    WIDTH="1265"
                    HEIGHT="135"></String>
          </TextLine>

          
          
          <TextLine ID="eSc_line_8d5910bb"
                    
                    BASELINE="456 1015 1034 1001 1745 1008" 
                    HPOS="451"
                    VPOS="934"
                    WIDTH="1294"
                    HEIGHT="108">
            <Shape><Polygon POINTS="456 1015 451 963 634 963 638 959 661 938 661 938 663 938 663 938 663 938 666 938 666 938 666 938 668 938 668 938 765 952 783 938 785 938 785 938 785 938 788 938 788 938 790 938 914 938 914 938 914 938 916 938 916 938 916 938 918 938 918 938 918 941 930 950 959 941 961 941 961 941 961 941 964 941 964 941 966 941 966 941 991 950 1022 961 1040 950 1047 943 1049 943 1049 943 1049 943 1052 943 1052 943 1052 943 1054 943 1054 943 1054 943 1056 943 1072 947 1104 959 1117 947 1126 938 1126 938 1128 938 1128 938 1128 938 1131 938 1131 938 1133 938 1133 938 1133 938 1135 938 1135 938 1137 938 1149 945 1171 959 1230 947 1230 947 1230 947 1232 947 1232 947 1232 947 1235 947 1264 956 1293 943 1309 936 1309 936 1311 936 1311 936 1311 936 1314 936 1314 936 1314 936 1316 936 1334 943 1377 959 1490 959 1539 938 1544 936 1544 936 1546 936 1546 936 1546 936 1548 936 1548 936 1551 936 1551 936 1555 936 1594 952 1612 938 1614 938 1614 938 1614 938 1616 938 1616 938 1616 938 1740 934 1745 1008 1745 1026 1603 1038 1600 1038 1600 1038 1600 1038 1598 1038 1598 1038 1598 1038 1596 1038 1596 1038 1587 1029 1576 1020 1564 1029 1551 1038 1548 1038 1548 1038 1548 1038 1546 1038 1546 1038 1546 1040 1474 1040 1472 1038 1472 1038 1469 1038 1469 1038 1469 1038 1454 1029 1422 1013 1386 1031 1372 1035 1372 1035 1370 1035 1370 1035 1370 1035 1368 1035 1368 1035 1366 1035 1366 1035 1366 1035 1363 1035 1357 1031 1327 1010 1305 1031 1305 1031 1305 1031 1302 1031 1302 1031 1302 1031 1300 1031 1300 1031 1300 1031 1298 1031 1298 1031 1296 1031 1296 1031 1296 1031 1293 1031 1293 1031 1293 1031 1293 1029 1271 1010 1108 1010 1038 1024 1038 1024 1038 1024 1036 1024 1036 1024 1034 1024 1034 1024 1002 1013 923 1013 909 1024 909 1026 909 1026 907 1026 907 1026 907 1026 905 1026 905 1026 905 1026 903 1026 903 1026 900 1026 900 1026 900 1026 871 1013 799 1026 799 1026 797 1026 797 1026 713 1017 686 1035 679 1040 677 1040 677 1040 677 1040 675 1040 675 1040 675 1042 596 1042 593 1040 593 1040 591 1040 591 1040 591 1040 589 1040 589 1038 584 1035 573 1026 557 1035 553 1040 550 1040 550 1040 550 1040 548 1040 548 1040 546 1040 453 1035"/></Shape>
	    <String CONTENT="entrez ilz rompirent tous les coffres quis"
                    HPOS="451"
                    VPOS="934"
                    WIDTH="1294"
                    HEIGHT="108"></String>
          </TextLine>

          
          
          <TextLine ID="eSc_line_5dc4a877"
                    
                    BASELINE="458 1110 1140 1092 1722 1103" 
                    HPOS="453"
                    VPOS="1022"
                    WIDTH="1269"
                    HEIGHT="119">
            <Shape><Polygon POINTS="458 1110 453 1058 548 1056 568 1038 568 1035 568 1035 571 1035 571 1035 573 1035 573 1035 573 1035 575 1035 575 1035 578 1035 578 1035 578 1035 580 1035 580 1035 580 1038 596 1053 654 1053 659 1053 659 1053 693 1035 693 1035 693 1035 695 1035 695 1035 697 1035 697 1035 697 1035 699 1035 742 1049 778 1022 781 1022 781 1022 781 1022 783 1022 783 1022 785 1022 982 1022 982 1022 982 1022 1081 1038 1156 1026 1156 1026 1158 1026 1158 1026 1158 1026 1160 1026 1160 1026 1162 1026 1162 1026 1162 1029 1180 1042 1223 1033 1223 1033 1223 1033 1226 1033 1226 1033 1228 1033 1228 1033 1228 1033 1255 1047 1262 1051 1316 1051 1325 1047 1363 1024 1363 1024 1363 1024 1366 1024 1366 1024 1366 1024 1368 1024 1368 1024 1370 1024 1370 1024 1370 1024 1372 1024 1372 1024 1372 1026 1395 1044 1399 1049 1411 1044 1451 1033 1454 1033 1454 1033 1456 1033 1456 1033 1456 1033 1458 1033 1458 1033 1483 1044 1490 1047 1718 1042 1722 1103 1718 1132 1636 1112 1553 1112 1519 1130 1519 1130 1519 1130 1517 1130 1517 1130 1517 1130 1515 1130 1515 1130 1512 1130 1512 1130 1512 1130 1467 1108 1359 1108 1284 1132 1273 1135 1271 1135 1271 1135 1268 1135 1268 1135 1268 1135 1253 1132 1160 1110 1108 1130 1092 1137 1092 1137 1090 1137 1090 1137 1090 1139 970 1139 968 1137 968 1137 966 1137 966 1137 966 1137 964 1137 964 1137 964 1135 957 1130 937 1112 778 1112 722 1130 693 1139 690 1139 690 1139 690 1141 638 1141 636 1139 636 1139 634 1139 634 1139 634 1139 632 1139 618 1130 600 1117 582 1130 571 1139 571 1139 568 1139 568 1139 568 1139 566 1139 566 1139 564 1139 564 1139 456 1128"/></Shape>
	    <String CONTENT="et fenestres dudict chasteau prindrent pillerent"
                    HPOS="453"
                    VPOS="1022"
                    WIDTH="1269"
                    HEIGHT="119"></String>
          </TextLine>

          
          
          <TextLine ID="eSc_line_c974db47"
                    
                    BASELINE="460 1184 1711 1198" 
                    HPOS="456"
                    VPOS="1119"
                    WIDTH="1255"
                    HEIGHT="119">
            <Shape><Polygon POINTS="460 1184 460 1135 571 1135 573 1135 591 1119 591 1119 593 1119 593 1119 593 1119 596 1119 596 1119 596 1119 598 1119 598 1119 686 1135 708 1137 722 1135 765 1121 767 1121 767 1121 769 1121 844 1121 844 1121 844 1121 846 1121 846 1121 846 1121 848 1121 869 1135 878 1139 885 1135 894 1128 896 1128 896 1128 896 1128 898 1128 898 1128 900 1128 900 1128 955 1135 1009 1139 1022 1135 1047 1123 1047 1123 1049 1123 1049 1123 1052 1123 1083 1123 1083 1123 1083 1123 1086 1123 1086 1123 1086 1123 1088 1123 1088 1123 1088 1126 1088 1126 1097 1135 1104 1141 1162 1135 1223 1126 1226 1126 1287 1126 1287 1126 1287 1126 1289 1126 1289 1126 1307 1135 1332 1144 1384 1135 1406 1130 1406 1130 1408 1130 1408 1130 1408 1130 1411 1130 1422 1135 1451 1144 1467 1135 1476 1128 1478 1128 1478 1128 1481 1128 1481 1128 1481 1128 1483 1128 1483 1128 1485 1128 1485 1128 1485 1128 1497 1135 1524 1146 1706 1135 1711 1198 1709 1205 1661 1207 1623 1236 1621 1236 1621 1236 1621 1236 1618 1236 1618 1236 1618 1238 1503 1238 1501 1236 1501 1236 1363 1211 1341 1225 1338 1225 1338 1225 1336 1225 1336 1225 1336 1225 1334 1225 1334 1225 1332 1225 1332 1225 1332 1225 1329 1225 1298 1205 1291 1200 1255 1205 1176 1214 1176 1214 1174 1214 1174 1214 1171 1214 1171 1214 1144 1205 1142 1202 1137 1205 1099 1223 1099 1223 1099 1223 1097 1223 1097 1223 1095 1223 1095 1223 1095 1223 1092 1223 1025 1202 1004 1198 950 1198 943 1202 930 1216 930 1218 930 1218 928 1218 928 1218 928 1218 925 1218 925 1218 923 1218 923 1218 923 1218 921 1218 869 1202 844 1196 767 1202 571 1220 571 1220 568 1220 568 1220 456 1200"/></Shape>
	    <String CONTENT="et emporterent tous les meubles et tapisserie"
                    HPOS="456"
                    VPOS="1119"
                    WIDTH="1255"
                    HEIGHT="119"></String>
          </TextLine>

          
          
          <TextLine ID="eSc_line_ecce981f"
                    
                    BASELINE="453 1265 1034 1290 1711 1297" 
                    HPOS="447"
                    VPOS="1207"
                    WIDTH="1266"
                    HEIGHT="124">
            <Shape><Polygon POINTS="453 1265 458 1207 492 1229 564 1211 571 1209 573 1209 573 1209 575 1209 670 1211 670 1211 670 1211 672 1211 672 1211 672 1211 675 1211 675 1211 677 1214 695 1229 731 1220 733 1220 733 1220 736 1220 736 1220 736 1220 738 1220 738 1220 740 1220 765 1236 846 1220 851 1220 851 1220 851 1220 853 1220 853 1220 855 1220 855 1220 855 1220 858 1220 858 1220 887 1241 1058 1243 1083 1227 1083 1227 1086 1227 1086 1227 1086 1227 1088 1227 1088 1227 1088 1227 1090 1227 1090 1227 1092 1227 1099 1229 1167 1245 1266 1234 1277 1234 1277 1234 1280 1234 1280 1234 1282 1234 1287 1234 1320 1245 1357 1236 1393 1229 1393 1229 1393 1229 1395 1229 1519 1234 1519 1234 1519 1234 1521 1234 1521 1234 1524 1234 1524 1234 1524 1236 1524 1236 1530 1243 1542 1254 1571 1245 1603 1234 1605 1234 1605 1234 1605 1234 1607 1234 1607 1234 1609 1234 1609 1234 1609 1234 1636 1247 1652 1254 1666 1247 1679 1241 1679 1241 1679 1241 1682 1241 1682 1241 1684 1241 1684 1241 1684 1241 1686 1241 1713 1250 1711 1297 1706 1317 1395 1308 1390 1311 1336 1331 1336 1331 1334 1331 1334 1331 1332 1331 1194 1326 1194 1326 1194 1326 1192 1326 1192 1326 1140 1304 1081 1324 1079 1324 1079 1324 1079 1324 1077 1324 1077 1324 1074 1324 1074 1324 1038 1311 1022 1322 1020 1322 1020 1322 1020 1322 1018 1322 1018 1322 1018 1322 1016 1322 1016 1322 1013 1322 1013 1322 1013 1322 977 1304 957 1320 957 1320 955 1320 955 1320 952 1320 952 1320 952 1320 950 1320 950 1320 948 1320 948 1320 948 1320 946 1320 925 1306 878 1320 876 1320 876 1320 876 1320 873 1320 873 1320 871 1320 871 1320 806 1295 806 1293 668 1290 641 1290 614 1290 582 1313 582 1313 580 1313 580 1313 578 1313 578 1313 578 1313 575 1313 508 1311 508 1311 508 1311 505 1311 505 1311 447 1284"/></Shape>
	    <String CONTENT="vaisselle et aultres meubles qui estoient audict"
                    HPOS="447"
                    VPOS="1207"
                    WIDTH="1266"
                    HEIGHT="124"></String>
          </TextLine>

          
          
          <TextLine ID="eSc_line_9b17eaeb"
                    
                    BASELINE="462 1369 900 1392 1731 1408" 
                    HPOS="458"
                    VPOS="1308"
                    WIDTH="1273"
                    HEIGHT="152">
            <Shape><Polygon POINTS="462 1369 458 1324 489 1308 489 1308 489 1308 492 1308 492 1308 494 1308 494 1308 494 1308 496 1308 496 1308 496 1308 499 1308 499 1308 517 1324 519 1326 521 1324 544 1315 544 1315 546 1315 546 1315 546 1315 548 1315 548 1315 550 1315 550 1315 550 1315 571 1326 578 1329 589 1326 607 1320 609 1320 609 1320 609 1320 611 1320 611 1320 677 1326 756 1335 767 1329 774 1322 774 1322 776 1322 776 1322 776 1322 778 1322 778 1322 781 1322 781 1322 781 1322 783 1322 783 1322 785 1322 785 1322 785 1324 792 1329 803 1340 957 1342 1063 1331 1074 1331 1074 1331 1077 1331 1077 1331 1079 1331 1081 1331 1131 1347 1176 1333 1194 1326 1196 1326 1196 1326 1196 1326 1198 1326 1291 1329 1291 1329 1291 1329 1293 1329 1293 1329 1307 1333 1341 1347 1375 1335 1386 1331 1388 1331 1388 1331 1388 1331 1390 1331 1390 1331 1390 1331 1411 1335 1485 1354 1526 1335 1530 1335 1530 1335 1533 1335 1533 1335 1533 1335 1535 1335 1535 1335 1537 1335 1537 1335 1537 1335 1539 1338 1582 1360 1612 1360 1634 1340 1634 1338 1634 1338 1636 1338 1636 1338 1636 1338 1636 1338 1639 1338 1639 1338 1641 1338 1731 1340 1731 1408 1729 1455 1646 1460 1643 1460 1643 1460 1643 1460 1641 1460 1641 1460 1639 1460 1639 1460 1639 1457 1630 1451 1616 1439 1609 1446 1609 1446 1607 1446 1607 1446 1607 1446 1605 1446 1605 1446 1605 1446 1603 1446 1603 1446 1600 1446 1600 1446 1600 1446 1555 1423 1487 1432 1474 1444 1465 1453 1465 1453 1463 1453 1463 1453 1463 1453 1460 1453 1460 1453 1460 1455 1411 1455 1408 1453 1408 1453 1406 1453 1406 1453 1406 1453 1404 1453 1388 1439 1370 1428 1357 1439 1343 1451 1343 1451 1341 1451 1341 1451 1341 1451 1338 1451 1338 1451 1336 1451 1244 1448 1244 1448 1244 1448 1241 1448 1241 1448 1241 1448 1239 1448 1239 1448 1221 1432 1212 1423 1203 1430 1189 1444 1189 1446 1189 1446 1187 1446 1187 1446 1187 1446 1185 1446 1185 1446 1185 1448 1142 1448 1140 1446 1140 1446 1137 1446 1137 1446 1137 1446 1135 1446 1135 1446 1117 1430 1097 1442 1097 1442 1097 1442 1095 1442 1095 1442 1095 1442 1092 1442 1092 1442 1092 1442 1090 1442 1090 1442 1052 1423 1020 1408 952 1408 928 1417 880 1439 880 1439 878 1439 878 1439 878 1439 876 1439 876 1439 876 1439 873 1439 790 1412 695 1435 695 1435 695 1435 693 1435 693 1435 693 1435 690 1435 690 1435 690 1435 632 1403 623 1399 458 1394"/></Shape>
	    <String CONTENT="lieu et ny laisserent rien sinon quelquees coffres"
                    HPOS="458"
                    VPOS="1308"
                    WIDTH="1273"
                    HEIGHT="152"></String>
          </TextLine>

          
          
          <TextLine ID="eSc_line_ef01bc61"
                    
                    BASELINE="456 1484 903 1500 1670 1502" 
                    HPOS="451"
                    VPOS="1444"
                    WIDTH="1222"
                    HEIGHT="101">
            <Shape><Polygon POINTS="456 1484 456 1444 1670 1457 1670 1502 1673 1516 1627 1543 1625 1543 1625 1543 1623 1543 1623 1543 1623 1543 1621 1543 1621 1543 1618 1543 1544 1523 1519 1543 1519 1543 1517 1543 1517 1543 1517 1543 1515 1543 1515 1543 1515 1545 1474 1545 1472 1543 1472 1543 1469 1543 1469 1543 1469 1543 1417 1516 1334 1516 1302 1541 1302 1541 1300 1541 1300 1541 1298 1541 1298 1541 1298 1541 1296 1541 1296 1541 1293 1541 1293 1541 1293 1541 1248 1518 1226 1530 1226 1530 1226 1530 1223 1530 1223 1530 1221 1530 1221 1530 1221 1530 1219 1530 1219 1530 1219 1530 1217 1530 1217 1530 1217 1527 1201 1511 1063 1511 1022 1536 1020 1536 1020 1536 1020 1536 1018 1536 1018 1536 1018 1539 966 1539 964 1536 964 1536 961 1536 961 1536 961 1536 959 1536 959 1536 937 1518 864 1536 862 1536 862 1536 860 1536 661 1534 661 1534 661 1534 659 1534 659 1534 589 1505 451 1502"/></Shape>
	    <String CONTENT="tous rompuz et quelques tapisseries quilz"
                    HPOS="451"
                    VPOS="1444"
                    WIDTH="1222"
                    HEIGHT="101"></String>
          </TextLine>

          
          
          <TextLine ID="eSc_line_88e145bc"
                    
                    BASELINE="460 1570 1729 1602" 
                    HPOS="456"
                    VPOS="1507"
                    WIDTH="1273"
                    HEIGHT="120">
            <Shape><Polygon POINTS="460 1570 460 1507 557 1509 557 1509 557 1509 559 1509 559 1509 559 1509 559 1509 562 1509 562 1509 562 1511 580 1527 643 1511 645 1511 645 1511 645 1511 648 1511 648 1511 648 1511 650 1511 650 1511 720 1536 751 1525 751 1525 754 1525 754 1525 756 1525 756 1525 756 1525 833 1541 894 1541 923 1520 925 1520 925 1520 925 1520 928 1520 928 1520 928 1520 930 1520 930 1520 930 1520 930 1520 932 1520 1013 1548 1219 1550 1273 1530 1280 1527 1280 1527 1282 1527 1282 1527 1284 1527 1284 1527 1284 1527 1300 1530 1388 1552 1420 1539 1420 1539 1422 1539 1422 1539 1422 1539 1424 1539 1424 1539 1427 1539 1427 1539 1427 1539 1465 1557 1630 1543 1632 1543 1632 1543 1632 1543 1634 1543 1634 1543 1675 1561 1725 1543 1729 1602 1729 1613 1702 1627 1702 1627 1702 1627 1700 1627 1700 1627 1697 1627 1697 1627 1697 1627 1630 1611 1625 1611 1623 1611 1548 1627 1548 1627 1548 1627 1546 1627 1546 1627 1544 1627 1544 1627 1503 1613 1445 1622 1445 1622 1442 1622 1442 1622 1442 1622 1440 1622 1440 1622 1438 1622 1413 1606 1277 1615 1275 1615 1275 1615 1275 1615 1205 1602 1097 1615 1097 1615 1095 1615 1095 1615 1095 1615 991 1595 939 1609 937 1609 937 1609 934 1609 934 1609 801 1593 733 1606 733 1606 733 1606 731 1606 661 1604 661 1604 661 1604 659 1604 659 1604 659 1604 625 1586 553 1602 553 1602 553 1602 550 1602 550 1602 550 1602 456 1579"/></Shape>
	    <String CONTENT="emporterent le lendemain [annne] elle a enteni"
                    HPOS="456"
                    VPOS="1507"
                    WIDTH="1273"
                    HEIGHT="120"></String>
          </TextLine>

          
          
          <TextLine ID="eSc_line_cb932273"
                    
                    BASELINE="458 1676 1686 1699" 
                    HPOS="458"
                    VPOS="1579"
                    WIDTH="1228"
                    HEIGHT="154">
            <Shape><Polygon POINTS="458 1676 458 1579 993 1581 993 1581 993 1581 995 1581 995 1581 995 1581 1054 1613 1104 1638 1212 1629 1214 1629 1214 1629 1343 1642 1379 1631 1379 1631 1381 1631 1381 1631 1381 1631 1384 1631 1384 1631 1393 1631 1481 1645 1490 1638 1503 1624 1503 1622 1503 1622 1506 1622 1506 1622 1506 1622 1508 1622 1508 1622 1510 1622 1510 1622 1510 1622 1512 1622 1512 1622 1512 1622 1515 1622 1515 1622 1515 1624 1530 1640 1535 1645 1686 1649 1686 1699 1682 1721 1598 1712 1585 1721 1578 1728 1578 1728 1576 1728 1576 1728 1576 1728 1573 1728 1573 1728 1472 1733 1469 1733 1469 1733 1467 1733 1467 1733 1436 1721 1402 1708 1320 1708 1284 1719 1262 1726 1259 1726 1259 1726 1259 1726 1257 1726 1257 1726 1255 1726 1255 1726 1255 1726 1253 1726 1253 1726 1246 1719 1235 1710 1210 1717 1207 1717 1207 1717 1205 1717 1205 1717 1205 1717 1203 1717 1156 1703 1106 1717 1077 1726 1074 1726 1074 1726 1072 1726 1072 1726 1013 1719 1013 1719 1011 1719 1011 1719 1011 1719 1009 1719 1009 1719 1009 1717 1007 1717 993 1703 973 1717 966 1721 964 1721 964 1721 964 1721 961 1721 961 1721 961 1724 828 1724 826 1721 826 1721 794 1715 702 1694 629 1715 618 1717 616 1717 616 1717 614 1717 614 1717 614 1717 611 1717 611 1717 611 1717 605 1715 564 1692 501 1692 458 1712"/></Shape>
	    <String CONTENT="et aussi verd quilz gecterent les coestes et"
                    HPOS="458"
                    VPOS="1579"
                    WIDTH="1228"
                    HEIGHT="154"></String>
          </TextLine>

          
          
          <TextLine ID="eSc_line_c3f0541d"
                    
                    BASELINE="451 1775 1722 1803" 
                    HPOS="447"
                    VPOS="1701"
                    WIDTH="1275"
                    HEIGHT="135">
            <Shape><Polygon POINTS="451 1775 451 1721 494 1726 508 1721 544 1708 544 1708 546 1708 546 1708 548 1708 548 1708 548 1708 550 1708 596 1724 607 1728 611 1724 638 1701 638 1701 641 1701 641 1701 641 1701 643 1701 643 1701 645 1701 645 1701 645 1701 767 1728 792 1733 821 1730 979 1708 979 1708 982 1708 982 1708 984 1708 984 1708 1049 1733 1131 1737 1207 1742 1214 1739 1253 1715 1255 1715 1255 1715 1255 1715 1257 1715 1257 1715 1259 1715 1298 1715 1298 1715 1440 1721 1440 1721 1442 1721 1442 1721 1506 1746 1512 1751 1722 1753 1722 1803 1720 1814 1557 1836 1557 1836 1555 1836 1555 1836 1555 1836 1553 1836 1553 1836 1553 1836 1515 1814 1508 1812 1481 1814 1415 1823 1415 1823 1413 1823 1413 1823 1411 1823 1381 1814 1363 1809 1357 1814 1329 1832 1327 1832 1327 1832 1327 1832 1325 1832 1325 1832 1323 1832 1246 1830 1246 1830 1246 1830 1244 1830 1244 1830 1241 1830 1241 1830 1241 1827 1226 1814 1223 1812 1221 1814 1196 1827 1196 1827 1196 1827 1194 1827 1194 1827 1194 1827 1192 1827 1192 1827 1189 1827 1189 1827 1189 1827 1187 1827 1187 1827 1187 1825 1174 1814 1162 1805 1106 1814 1034 1825 1034 1825 1031 1825 1031 1825 1031 1825 1029 1825 1029 1825 1029 1825 1007 1814 986 1803 952 1814 943 1816 941 1816 941 1816 941 1816 939 1816 939 1816 939 1816 925 1814 862 1798 799 1814 783 1816 783 1816 783 1816 781 1816 781 1816 781 1816 778 1816 778 1816 772 1814 733 1796 718 1814 713 1816 713 1818 713 1818 711 1818 711 1818 711 1818 708 1818 708 1818 708 1821 675 1821 672 1818 672 1818 670 1818 670 1818 670 1818 668 1818 668 1818 661 1814 634 1794 580 1794 548 1814 548 1814 546 1814 546 1814 546 1814 544 1814 544 1814 541 1814 447 1812"/></Shape>
	    <String CONTENT="myrent la plume au vent ne sect touteffois"
                    HPOS="447"
                    VPOS="1701"
                    WIDTH="1275"
                    HEIGHT="135"></String>
          </TextLine>

          
          
          <TextLine ID="eSc_line_5f560129"
                    
                    BASELINE="462 1873 1734 1897" 
                    HPOS="458"
                    VPOS="1807"
                    WIDTH="1276"
                    HEIGHT="120">
            <Shape><Polygon POINTS="462 1873 462 1807 562 1830 582 1816 584 1816 584 1816 584 1816 587 1816 587 1816 589 1816 589 1816 589 1816 591 1816 591 1816 593 1816 618 1832 666 1823 666 1823 668 1823 668 1823 781 1834 806 1818 806 1818 808 1818 808 1818 810 1818 810 1818 810 1818 812 1818 812 1818 815 1818 815 1818 815 1818 817 1818 853 1839 905 1839 918 1823 921 1823 921 1821 921 1821 923 1821 923 1821 923 1821 925 1821 925 1821 928 1821 928 1821 928 1821 948 1825 1000 1836 1025 1827 1047 1818 1047 1818 1049 1818 1049 1818 1052 1818 1052 1818 1052 1818 1054 1818 1054 1818 1081 1830 1110 1841 1185 1832 1280 1823 1280 1823 1282 1823 1282 1823 1284 1823 1284 1823 1284 1823 1314 1839 1316 1839 1323 1839 1397 1825 1397 1825 1399 1825 1399 1825 1399 1825 1487 1843 1517 1850 1551 1848 1607 1841 1607 1841 1609 1841 1734 1854 1734 1897 1731 1909 1652 1924 1652 1924 1650 1924 1650 1924 1650 1924 1648 1924 1648 1924 1614 1909 1578 1927 1578 1927 1578 1927 1576 1927 1576 1927 1576 1927 1573 1927 1573 1927 1454 1906 1417 1924 1417 1924 1417 1924 1415 1924 1415 1924 1415 1924 1413 1924 1413 1924 1411 1924 1411 1924 1411 1924 1408 1924 1408 1924 1384 1904 1311 1922 1309 1922 1309 1922 1307 1922 1307 1922 1156 1900 1119 1913 1119 1913 1117 1913 1117 1913 1115 1913 1115 1913 1115 1913 1113 1913 1113 1913 1113 1913 1110 1913 1110 1913 1097 1900 1072 1911 1072 1911 1070 1911 1070 1911 1070 1911 1067 1911 1067 1911 1065 1911 1065 1911 1065 1911 1043 1900 1009 1915 1009 1915 1009 1915 1007 1915 1007 1915 1004 1915 1004 1915 1002 1915 923 1895 867 1913 864 1913 864 1913 864 1913 862 1913 862 1913 862 1913 860 1913 860 1913 826 1897 803 1911 801 1911 801 1911 799 1911 799 1911 799 1913 695 1913 693 1911 458 1884"/></Shape>
	    <String CONTENT="declarer [partrenlur] emint en quilz envertirs"
                    HPOS="458"
                    VPOS="1807"
                    WIDTH="1276"
                    HEIGHT="120"></String>
          </TextLine>

          
          
          <TextLine ID="eSc_line_98262ccd"
                    
                    BASELINE="465 1965 1725 1988" 
                    HPOS="462"
                    VPOS="1904"
                    WIDTH="1263"
                    HEIGHT="117">
            <Shape><Polygon POINTS="465 1965 467 1904 501 1922 548 1911 550 1911 550 1911 553 1911 553 1911 553 1911 555 1911 555 1911 591 1924 745 1911 747 1911 747 1911 747 1911 749 1911 749 1911 749 1911 751 1911 751 1913 767 1927 792 1918 792 1918 794 1918 794 1918 797 1918 797 1918 914 1929 928 1918 928 1918 930 1918 930 1918 930 1918 932 1918 932 1918 934 1918 934 1918 934 1918 937 1918 979 1931 1011 1915 1011 1915 1011 1915 1013 1915 1013 1915 1016 1915 1016 1915 1016 1915 1018 1915 1018 1915 1018 1915 1052 1933 1126 1933 1214 1918 1217 1918 1217 1918 1217 1918 1219 1918 1219 1918 1221 1918 1221 1918 1221 1918 1221 1918 1223 1918 1223 1918 1239 1929 1311 1920 1311 1920 1314 1920 1314 1920 1316 1920 1316 1920 1316 1920 1318 1920 1318 1920 1318 1922 1327 1929 1336 1920 1336 1920 1338 1920 1338 1920 1338 1920 1338 1920 1341 1920 1341 1920 1343 1920 1377 1920 1427 1922 1427 1922 1427 1922 1429 1922 1429 1922 1429 1922 1431 1922 1451 1936 1465 1924 1465 1922 1465 1922 1467 1922 1467 1922 1467 1922 1469 1922 1469 1922 1469 1922 1469 1922 1472 1922 1472 1922 1474 1922 1474 1922 1474 1922 1521 1942 1598 1942 1722 1927 1725 1988 1722 2001 1641 2001 1639 2001 1609 2021 1607 2021 1607 2021 1607 2021 1605 2021 1605 2021 1603 2021 1603 2021 1603 2021 1499 2001 1472 1997 1447 2001 1427 2006 1427 2006 1427 2006 1424 2006 1375 2001 1289 1994 1255 2003 1223 2010 1221 2010 1221 2010 1219 2010 1219 2010 1217 2010 1217 2010 1217 2010 1201 2003 1178 1992 1095 1992 1083 2003 1070 2015 1070 2017 1070 2017 1067 2017 1067 2017 1067 2017 1065 2017 1065 2017 1065 2019 977 2019 975 2017 975 2017 973 2017 973 2017 973 2017 970 2017 970 2017 957 2003 939 1988 873 1988 826 2006 803 2012 803 2012 801 2012 801 2012 799 2012 799 2012 799 2012 756 2006 731 2001 666 2006 600 2010 598 2010 598 2010 598 2010 596 2010 596 2010 596 2010 593 2010 589 2006 568 1992 462 2006"/></Shape>
	    <String CONTENT="parae quil y avoit si grand bruit et tant de"
                    HPOS="462"
                    VPOS="1904"
                    WIDTH="1263"
                    HEIGHT="117"></String>
          </TextLine>

          
          
          <TextLine ID="eSc_line_8fbb6cb8"
                    
                    BASELINE="469 2073 1305 2073 1716 2089" 
                    HPOS="462"
                    VPOS="2003"
                    WIDTH="1254"
                    HEIGHT="131">
            <Shape><Polygon POINTS="469 2073 462 2021 492 2003 494 2003 494 2003 496 2003 496 2003 496 2003 499 2003 499 2003 501 2003 501 2003 501 2003 503 2003 503 2003 526 2021 532 2026 559 2021 629 2008 629 2008 629 2008 632 2008 632 2008 634 2008 679 2019 704 2028 828 2028 853 2019 887 2008 889 2008 889 2008 889 2008 891 2008 891 2008 894 2008 894 2008 894 2008 896 2008 896 2008 907 2017 921 2031 1149 2031 1174 2015 1180 2010 1183 2010 1183 2010 1183 2010 1185 2010 1185 2010 1187 2010 1187 2010 1232 2015 1354 2031 1390 2015 1395 2012 1395 2012 1397 2012 1397 2012 1397 2012 1399 2012 1399 2012 1399 2012 1402 2012 1402 2012 1404 2012 1404 2012 1404 2015 1404 2015 1424 2033 1469 2012 1472 2012 1472 2012 1474 2012 1474 2012 1476 2012 1585 2012 1585 2012 1585 2012 1587 2012 1587 2012 1587 2012 1632 2033 1652 2015 1652 2012 1652 2012 1655 2012 1655 2012 1655 2012 1655 2012 1657 2012 1657 2012 1659 2012 1713 2012 1716 2089 1711 2107 1612 2100 1598 2109 1557 2134 1555 2134 1555 2134 1555 2134 1553 2134 1553 2134 1551 2134 1329 2132 1329 2132 1329 2132 1327 2132 1273 2114 1230 2130 1230 2130 1228 2130 1228 2130 1226 2130 1226 2130 1226 2130 1223 2130 1223 2130 1221 2130 1221 2130 1221 2128 1203 2114 1158 2121 1158 2121 1156 2121 1156 2121 1156 2121 1153 2121 1153 2121 1151 2121 1137 2112 1108 2096 1058 2096 1031 2114 1009 2130 1007 2130 1007 2130 1007 2130 1004 2130 1004 2130 1004 2130 1002 2130 1002 2130 1000 2130 941 2114 876 2096 817 2096 772 2114 754 2123 754 2123 751 2123 751 2123 751 2123 749 2123 749 2123 749 2123 747 2123 747 2123 747 2123 745 2123 736 2116 702 2094 587 2094 537 2116 514 2128 514 2128 512 2128 512 2128 512 2128 510 2128 510 2128 510 2128 465 2116"/></Shape>
	    <String CONTENT="chambres quelle ny pouvoit adinss mais bien"
                    HPOS="462"
                    VPOS="2003"
                    WIDTH="1254"
                    HEIGHT="131"></String>
          </TextLine>

          
          
          <TextLine ID="eSc_line_3cefcd66"
                    
                    BASELINE="471 2161 1709 2191" 
                    HPOS="467"
                    VPOS="2105"
                    WIDTH="1242"
                    HEIGHT="113">
            <Shape><Polygon POINTS="471 2161 474 2105 499 2116 553 2109 553 2109 555 2109 555 2109 555 2109 557 2109 557 2109 559 2109 559 2109 559 2109 573 2121 587 2112 589 2112 589 2112 589 2112 591 2112 591 2112 593 2112 593 2112 593 2112 668 2125 776 2114 781 2114 781 2114 783 2114 783 2114 785 2114 785 2114 785 2114 785 2114 788 2114 788 2114 788 2116 801 2128 846 2116 846 2116 848 2116 848 2116 851 2116 851 2116 853 2116 950 2132 1149 2123 1196 2123 1198 2123 1198 2123 1198 2123 1201 2123 1201 2123 1207 2125 1237 2139 1289 2128 1307 2125 1307 2125 1307 2125 1309 2125 1309 2125 1311 2125 1311 2125 1311 2125 1314 2125 1318 2130 1332 2139 1390 2132 1422 2128 1422 2128 1424 2128 1424 2128 1424 2128 1427 2128 1427 2128 1429 2128 1429 2128 1429 2130 1433 2132 1445 2143 1467 2132 1476 2130 1476 2130 1478 2130 1478 2130 1478 2130 1481 2130 1481 2130 1517 2134 1594 2146 1706 2141 1709 2191 1700 2211 1688 2200 1551 2200 1537 2207 1515 2218 1515 2218 1515 2218 1512 2218 1512 2218 1510 2218 1327 2216 1327 2216 1291 2213 1291 2213 1289 2213 1289 2213 1289 2213 1287 2213 1287 2213 1287 2211 1273 2197 1266 2191 1034 2186 914 2186 912 2188 900 2197 900 2197 898 2197 898 2197 898 2197 896 2197 896 2197 896 2197 894 2197 894 2197 891 2197 891 2197 891 2197 869 2186 864 2184 860 2186 828 2200 828 2200 826 2200 826 2200 826 2200 824 2200 824 2200 724 2182 713 2179 711 2182 690 2197 690 2200 690 2200 688 2200 688 2200 688 2200 686 2200 686 2200 684 2200 566 2197 566 2197 566 2197 467 2173"/></Shape>
	    <String CONTENT="voyoit quilz prenerent et emporterent tout"
                    HPOS="467"
                    VPOS="2105"
                    WIDTH="1242"
                    HEIGHT="113"></String>
          </TextLine>

          
          
          <TextLine ID="eSc_line_405a67f6"
                    
                    BASELINE="476 2254 1072 2261 1704 2283" 
                    HPOS="476"
                    VPOS="2186"
                    WIDTH="1228"
                    HEIGHT="147">
            <Shape><Polygon POINTS="476 2254 478 2186 535 2202 564 2195 566 2195 566 2195 568 2195 568 2195 568 2195 571 2195 571 2195 571 2195 573 2195 573 2195 573 2197 591 2213 670 2200 670 2200 672 2200 672 2200 801 2218 878 2202 909 2197 909 2197 912 2197 912 2197 977 2204 977 2204 979 2204 979 2204 979 2204 982 2204 982 2207 984 2209 1000 2222 1025 2209 1040 2202 1040 2202 1040 2202 1043 2202 1043 2202 1045 2202 1122 2202 1122 2202 1122 2202 1124 2202 1124 2202 1124 2202 1149 2216 1158 2220 1178 2216 1237 2204 1237 2204 1237 2204 1239 2204 1239 2204 1239 2204 1318 2222 1359 2231 1386 2225 1404 2222 1404 2222 1404 2222 1406 2222 1406 2222 1408 2222 1408 2222 1422 2227 1440 2234 1463 2229 1485 2225 1485 2225 1485 2225 1487 2225 1704 2240 1704 2283 1697 2319 1646 2299 1621 2317 1600 2333 1600 2333 1598 2333 1598 2333 1598 2333 1596 2333 1596 2333 1594 2333 1440 2331 1440 2331 1440 2331 1438 2331 1438 2331 1438 2331 1436 2331 1436 2331 1415 2313 1393 2292 1311 2290 1275 2310 1253 2324 1250 2324 1250 2324 1248 2324 1248 2324 1248 2324 1246 2324 1246 2324 1149 2308 1054 2322 1054 2322 1052 2322 1011 2319 1011 2319 1011 2319 1009 2319 1009 2319 1007 2319 979 2301 948 2283 930 2292 930 2292 930 2292 928 2292 928 2292 925 2292 925 2292 925 2292 864 2279 794 2297 792 2297 792 2297 792 2297 790 2297 790 2297 790 2297 790 2297 788 2297 788 2297 788 2297 760 2281 738 2297 733 2301 731 2301 731 2301 731 2301 729 2301 729 2301 729 2301 727 2301 727 2301 724 2301 724 2301 724 2301 713 2297 670 2274 591 2286 591 2286 589 2286 589 2286 589 2286 514 2272 476 2290"/></Shape>
	    <String CONTENT="et aultrement ne sect silz rompirent et"
                    HPOS="476"
                    VPOS="2186"
                    WIDTH="1228"
                    HEIGHT="147"></String>
          </TextLine>

          
        </TextBlock>
        
        <TextBlock HPOS="1948"
                   VPOS="234"
                   WIDTH="61"
                   HEIGHT="70"
                   ID="eSc_textblock_729e6995"
                   TAGREFS="BT">
          <Shape><Polygon POINTS="1966 234 2009 234 2000 304 1948 304 1966 234"/></Shape>
          
          
          <TextLine ID="eSc_line_0e5ad12f"
                    
                    BASELINE="1950 291 2007 291" 
                    HPOS="1948"
                    VPOS="209"
                    WIDTH="59"
                    HEIGHT="122">
            <Shape><Polygon POINTS="1950 291 1948 221 2005 209 2007 291 2007 331 1950 331"/></Shape>
	    <String CONTENT="Lii"
                    HPOS="1948"
                    VPOS="209"
                    WIDTH="59"
                    HEIGHT="122"></String>
          </TextLine>

          
        </TextBlock>
        
        <TextBlock HPOS="2075"
                   VPOS="216"
                   WIDTH="1370"
                   HEIGHT="2101"
                   ID="eSc_textblock_93575edd"
                   TAGREFS="BT">
          <Shape><Polygon POINTS="3086 216 3391 234 3436 415 3400 496 3409 629 3355 722 3445 956 3427 2191 3346 2245 3066 2299 2246 2281 2147 2317 2156 1561 2120 1478 2147 1056 2084 999 2120 767 2075 710 2138 243 3086 216"/></Shape>
          
          
          <TextLine ID="eSc_line_a89cbd90"
                    
                    BASELINE="2147 282 3384 273" 
                    HPOS="2140"
                    VPOS="182"
                    WIDTH="1246"
                    HEIGHT="131">
            <Shape><Polygon POINTS="2147 282 2140 214 2181 194 2181 194 2181 194 2183 194 2183 194 2185 194 2185 194 2187 194 2187 194 2187 194 2228 214 2239 218 2255 214 2291 203 2294 203 2294 203 2294 203 2296 203 2296 203 2298 203 2334 214 2336 214 2336 214 2361 194 2361 194 2364 194 2364 194 2366 194 2366 194 2366 194 2368 194 2368 194 2370 194 2425 207 2465 189 2465 189 2467 189 2467 189 2467 189 2470 189 2470 189 2535 200 2549 189 2549 187 2549 187 2551 187 2551 187 2551 187 2553 187 2553 187 2553 187 2555 187 2555 187 2558 187 2558 187 2558 187 2560 187 2585 205 2680 212 2765 185 2768 185 2768 185 2770 185 2869 185 2869 185 2869 185 2872 185 2872 185 2872 185 2874 185 2894 198 2928 187 2930 187 2930 187 2930 187 2933 187 2933 187 2935 187 2935 187 2935 187 2973 205 3070 182 3070 182 3070 182 3073 182 3073 182 3075 182 3075 182 3104 194 3127 182 3127 182 3127 182 3129 182 3129 182 3129 182 3131 182 3131 182 3133 182 3133 182 3133 182 3136 182 3181 214 3380 214 3384 273 3386 286 3319 306 3316 306 3316 306 3314 306 3314 306 3314 306 3312 306 3260 288 3255 288 3131 288 3115 291 3050 309 3048 309 3048 309 3045 309 3045 309 3045 309 2957 293 2933 291 2892 295 2763 311 2763 311 2761 311 2761 311 2759 311 2759 311 2723 297 2707 293 2689 297 2662 306 2659 306 2659 306 2657 306 2657 306 2598 300 2540 293 2528 302 2517 311 2517 311 2515 311 2515 311 2515 311 2513 311 2513 311 2513 311 2452 313 2449 313 2449 313 2447 313 2409 304 2377 295 2359 304 2341 313 2341 313 2341 313 2339 313 2339 313 2336 313 2336 313 2336 313 2334 313 2307 304 2278 295 2260 306 2248 313 2246 313 2246 313 2244 313 2244 313 2244 313 2242 313 2145 306"/></Shape>
	    <String CONTENT="emporterent papiers et vaisselle dargent [?rye]"
                    HPOS="2140"
                    VPOS="182"
                    WIDTH="1246"
                    HEIGHT="131"></String>
          </TextLine>

          
          
          <TextLine ID="eSc_line_8af50b8a"
                    
                    BASELINE="2147 361 3375 361" 
                    HPOS="2147"
                    VPOS="300"
                    WIDTH="1228"
                    HEIGHT="99">
            <Shape><Polygon POINTS="2147 361 2147 318 2221 318 2224 315 2242 300 2242 300 2244 300 2244 300 2244 300 2246 300 2246 300 2248 300 2336 302 2336 302 2336 302 2339 302 2339 302 2341 302 2341 302 2357 315 2357 315 2357 315 2377 300 2379 300 2379 300 2379 300 2382 300 2382 300 2382 300 2384 300 2562 313 2619 315 2653 311 2704 304 2704 304 2707 304 2707 304 2759 311 2802 315 2808 309 2820 302 2820 300 2820 300 2822 300 2822 300 2824 300 2824 300 2824 300 2826 300 2826 300 2899 309 2937 313 2962 309 2994 300 2996 300 2996 300 2998 300 2998 300 2998 300 3000 300 3023 306 3048 318 3334 318 3371 304 3375 361 3373 379 3127 376 3109 383 3091 392 3091 392 3088 392 3088 392 3088 392 3086 392 3086 392 3023 385 2955 376 2939 385 2928 394 2926 394 2926 394 2926 394 2924 394 2924 394 2924 394 2921 394 2921 394 2919 394 2919 394 2919 394 2917 394 2917 394 2917 392 2910 388 2899 376 2863 388 2847 392 2844 392 2844 392 2844 392 2842 392 2842 392 2842 392 2840 392 2826 388 2806 381 2797 388 2790 394 2790 394 2788 394 2788 394 2788 394 2786 394 2786 394 2786 394 2784 394 2784 394 2747 390 2673 376 2657 390 2653 394 2653 397 2653 397 2650 397 2650 397 2650 397 2648 397 2648 397 2648 399 2616 399 2614 397 2614 397 2612 397 2612 397 2612 397 2610 397 2610 397 2610 394 2605 392 2594 379 2549 376 2531 392 2526 394 2526 397 2526 397 2524 397 2524 397 2524 397 2522 397 2522 397 2519 397 2519 397 2481 392 2418 385 2368 394 2352 397 2352 397 2350 397 2350 397 2350 397 2348 397 2348 397 2343 394 2300 376 2271 397 2271 397 2269 397 2269 397 2269 397 2266 397 2266 397 2266 399 2147 399"/></Shape>
	    <String CONTENT="quelle oyt dire quilz anrent emporte vers"
                    HPOS="2147"
                    VPOS="300"
                    WIDTH="1228"
                    HEIGHT="99"></String>
          </TextLine>

          
          
          <TextLine ID="eSc_line_7c7c71b5"
                    
                    BASELINE="2147 444 2928 433 3423 440" 
                    HPOS="2142"
                    VPOS="374"
                    WIDTH="1281"
                    HEIGHT="99">
            <Shape><Polygon POINTS="2147 444 2142 401 2260 399 2300 379 2300 379 2303 379 2303 379 2303 379 2305 379 2305 379 2305 379 2307 379 2307 379 2307 379 2309 379 2334 397 2395 379 2397 379 2397 379 2400 379 2400 379 2400 379 2492 397 2528 381 2528 381 2531 381 2531 381 2531 381 2533 381 2533 381 2535 381 2578 392 2594 379 2594 379 2596 379 2596 379 2596 379 2598 379 2598 379 2598 379 2601 379 2601 379 2603 379 2648 390 2689 376 2691 376 2691 376 2691 376 2924 374 2926 374 2926 374 2984 385 3077 374 3077 374 3079 374 3079 374 3079 374 3167 392 3167 392 3167 392 3199 379 3199 379 3201 379 3201 379 3201 379 3203 379 3203 379 3203 379 3206 379 3206 379 3206 379 3208 379 3208 379 3222 392 3420 392 3423 440 3423 449 3298 462 3298 462 3296 462 3296 462 3294 462 3294 462 3294 462 3273 453 3258 444 3226 453 3192 462 3190 462 3190 462 3188 462 3188 462 3188 462 3145 455 3102 446 3091 455 3079 464 3079 467 3079 467 3077 467 3077 467 3077 467 3075 467 3075 467 3075 469 2991 469 2989 467 2989 467 2987 467 2987 467 2987 467 2984 467 2984 467 2984 464 2975 458 2964 446 2878 446 2851 460 2833 469 2833 469 2833 469 2831 469 2831 469 2831 471 2784 471 2781 469 2781 469 2779 469 2756 462 2720 449 2700 462 2691 469 2689 469 2689 469 2689 469 2686 469 2686 469 2686 469 2684 469 2684 469 2682 469 2682 469 2682 469 2668 462 2639 449 2555 449 2533 464 2528 469 2528 469 2526 469 2526 469 2524 469 2524 469 2524 469 2470 471 2467 471 2467 471 2465 471 2465 471 2465 471 2463 471 2463 471 2463 469 2458 467 2447 453 2397 451 2352 469 2343 471 2343 471 2341 471 2341 471 2341 473 2266 473 2264 471 2264 471 2262 471 2262 471 2260 471 2260 469 2226 451 2149 471"/></Shape>
	    <String CONTENT="couppe dargents et ung aultre joyau en carre"
                    HPOS="2142"
                    VPOS="374"
                    WIDTH="1281"
                    HEIGHT="99"></String>
          </TextLine>

          
          
          <TextLine ID="eSc_line_b8500c70"
                    
                    BASELINE="2140 523 3337 516" 
                    HPOS="2135"
                    VPOS="485"
                    WIDTH="1202"
                    HEIGHT="67">
            <Shape><Polygon POINTS="2140 523 2135 491 3330 485 3337 516 3332 539 3093 528 3079 541 3075 543 3075 546 3075 546 3073 546 3073 546 3073 546 3070 546 3070 546 3068 546 3068 546 3007 541 2894 530 2752 532 2736 541 2720 548 2720 548 2720 548 2718 548 2718 548 2716 548 2716 548 2716 548 2714 548 2693 541 2659 530 2569 530 2546 541 2537 548 2535 548 2535 548 2535 548 2533 548 2533 548 2531 548 2531 548 2531 548 2528 548 2528 548 2528 548 2515 541 2504 534 2495 541 2485 550 2485 550 2483 550 2483 550 2483 550 2481 550 2481 550 2481 552 2343 552 2341 550 2341 550 2339 550 2339 550 2339 550 2321 541 2303 532 2294 541 2285 548 2285 550 2285 550 2282 550 2282 550 2280 550 2280 550 2280 550 2278 550 2278 550 2226 541 2172 532 2142 541"/></Shape>
	    <String CONTENT="dargent mais aultrenment ne le sect [et]"
                    HPOS="2135"
                    VPOS="485"
                    WIDTH="1202"
                    HEIGHT="67"></String>
          </TextLine>

          
          
          <TextLine ID="eSc_line_519410c4"
                    
                    BASELINE="2145 613 2655 602 3384 611" 
                    HPOS="2140"
                    VPOS="541"
                    WIDTH="1244"
                    HEIGHT="99">
            <Shape><Polygon POINTS="2145 613 2140 561 2370 548 2373 548 2373 548 2504 559 2549 541 2549 541 2551 541 2551 541 2551 541 2553 541 2553 541 2555 541 2555 541 2555 541 2558 541 2558 541 2580 559 2619 541 2619 541 2619 541 2621 541 2621 541 2623 541 2743 543 2743 543 2743 543 2745 543 2745 543 2747 543 2747 543 2747 546 2763 557 2774 546 2774 546 2777 546 2777 546 2777 546 2779 546 2779 546 2779 546 2781 546 2781 546 2784 546 2838 559 2863 541 2865 541 2865 541 2865 541 2867 541 2867 541 2869 541 2937 541 2937 541 2937 541 2939 541 2939 541 2939 541 2978 559 3077 541 3077 541 3077 541 3079 541 3382 561 3384 611 3380 638 3264 618 3228 618 3197 638 3197 638 3194 638 3194 638 3194 638 3192 638 3192 638 3192 640 3109 640 3106 638 3106 638 3104 638 3104 638 3104 638 3102 638 3102 636 3102 636 3084 620 3043 636 3036 638 3036 638 3034 638 3034 638 3034 640 2948 640 2946 638 2946 638 2944 638 2944 638 2944 638 2937 636 2903 618 2675 618 2639 631 2625 638 2625 638 2623 638 2623 638 2623 638 2621 638 2621 638 2619 638 2594 631 2544 618 2528 631 2526 631 2526 634 2526 634 2524 634 2524 634 2524 634 2522 634 2522 634 2519 634 2519 634 2519 634 2517 634 2508 631 2463 618 2397 629 2350 638 2350 638 2350 640 2266 640 2264 638 2264 638 2262 638 2230 629 2194 618 2142 627"/></Shape>
	    <String CONTENT="emmenerent prisonniers les gentilz hommes"
                    HPOS="2140"
                    VPOS="541"
                    WIDTH="1244"
                    HEIGHT="99"></String>
          </TextLine>

          
          
          <TextLine ID="eSc_line_d96dda42"
                    
                    BASELINE="2086 708 2513 692 3330 699" 
                    HPOS="2077"
                    VPOS="627"
                    WIDTH="1253"
                    HEIGHT="122">
            <Shape><Polygon POINTS="2086 708 2077 652 2095 631 2095 631 2095 629 2095 629 2097 629 2097 629 2097 629 2099 629 2099 629 2102 629 2102 629 2102 629 2104 629 2104 629 2104 629 2106 629 2106 629 2117 640 2163 627 2165 627 2165 627 2167 627 2212 627 2212 627 2212 627 2215 627 2215 627 2215 627 2217 627 2242 645 2289 627 2289 627 2291 627 2291 627 2294 627 2294 627 2294 627 2296 627 2334 638 2359 627 2359 627 2359 627 2361 627 2361 627 2364 627 2364 627 2364 627 2366 627 2366 627 2368 627 2368 627 2368 629 2388 647 2434 634 2436 634 2436 634 2436 634 2438 634 2438 634 2440 634 2499 649 2551 627 2551 627 2553 627 2553 627 2553 627 2555 627 2555 627 2693 643 2723 627 2723 627 2723 627 2725 627 2725 627 2725 627 2727 627 2727 627 2815 643 2835 627 2835 627 2838 627 2838 627 2840 627 2840 627 2842 627 2939 627 2939 627 2939 627 2942 627 2942 627 2944 627 2944 627 2975 652 3328 652 3330 699 3328 715 3206 731 3206 731 3203 731 3203 731 3203 731 3201 731 3201 731 3179 722 3093 746 3091 746 3091 746 3091 749 3034 749 3032 746 3032 746 3030 746 3030 746 3027 746 3027 746 2991 719 2987 717 2849 717 2842 719 2786 746 2786 746 2784 746 2784 746 2784 746 2781 746 2781 746 2781 746 2779 746 2779 746 2723 719 2716 717 2704 719 2616 746 2614 746 2614 746 2614 746 2612 746 2612 746 2542 735 2436 746 2436 746 2434 746 2434 746 2431 746 2431 746 2431 746 2429 746 2429 746 2397 722 2391 717 2379 722 2323 746 2323 746 2321 746 2321 746 2321 749 2224 749 2221 746 2221 746 2219 746 2219 746 2219 746 2217 746 2217 746 2192 724 2185 717 2167 724 2135 735 2135 735 2133 735 2133 735 2131 735 2131 735 2131 735 2084 724"/></Shape>
	    <String CONTENT="et soldats qui estoient audict chasteau et"
                    HPOS="2077"
                    VPOS="627"
                    WIDTH="1253"
                    HEIGHT="122"></String>
          </TextLine>

          
          
          <TextLine ID="eSc_line_fef7ce50"
                    
                    BASELINE="2149 796 3325 789" 
                    HPOS="2140"
                    VPOS="728"
                    WIDTH="1185"
                    HEIGHT="113">
            <Shape><Polygon POINTS="2149 796 2140 753 2165 737 2167 737 2167 737 2167 737 2169 737 2169 737 2172 737 2172 737 2273 749 2316 733 2316 733 2318 733 2318 733 2321 733 2321 733 2492 749 2542 731 2542 731 2544 731 2544 731 2546 731 2546 731 2546 731 2549 731 2601 746 2634 731 2634 731 2634 731 2637 731 2637 731 2639 731 2824 731 2824 731 2824 731 2826 731 2826 731 2829 731 2829 731 2851 749 2921 749 2930 735 2933 735 2933 733 2933 733 2935 733 2935 733 2935 733 2937 733 2937 733 2939 733 2939 733 3068 744 3113 728 3113 728 3115 728 3115 728 3118 728 3118 728 3118 728 3120 728 3120 728 3163 746 3321 746 3325 789 3323 803 3253 807 3226 832 3226 834 3226 834 3224 834 3224 834 3224 834 3222 834 3222 834 3222 837 3061 837 3059 834 3059 834 2962 816 2914 807 2860 807 2838 821 2824 830 2822 830 2822 830 2822 830 2820 830 2820 830 2817 830 2817 830 2817 830 2815 830 2815 830 2815 830 2813 830 2813 830 2804 821 2788 807 2727 807 2711 821 2711 821 2709 821 2709 821 2709 821 2707 821 2707 821 2707 821 2704 821 2704 821 2702 821 2666 812 2650 825 2639 837 2639 837 2637 837 2637 837 2637 837 2634 837 2634 837 2634 839 2585 839 2583 837 2583 837 2580 837 2558 830 2499 810 2418 825 2418 825 2418 825 2415 825 2415 825 2413 825 2413 825 2413 825 2379 810 2316 810 2260 839 2257 839 2257 839 2257 839 2255 839 2255 839 2255 839 2149 841"/></Shape>
	    <String CONTENT="pareillement estoient dix ou douze que"
                    HPOS="2140"
                    VPOS="728"
                    WIDTH="1185"
                    HEIGHT="113"></String>
          </TextLine>

          
          
          <TextLine ID="eSc_line_e670a257"
                    
                    BASELINE="2147 891 3404 882" 
                    HPOS="2145"
                    VPOS="825"
                    WIDTH="1259"
                    HEIGHT="116">
            <Shape><Polygon POINTS="2147 891 2145 846 2452 846 2456 843 2499 830 2501 830 2501 830 2501 830 2504 830 2504 830 2506 830 2546 841 2564 830 2567 830 2567 830 2569 830 2569 830 2569 830 2571 830 2571 830 2574 830 2574 830 2605 841 2605 841 2605 841 2711 830 2711 830 2714 830 2714 830 2786 839 2797 830 2797 828 2797 828 2799 828 2799 828 2799 828 2802 828 2802 828 2804 828 3075 839 3084 839 3086 839 3147 825 3147 825 3147 825 3149 825 3400 839 3404 882 3400 900 3197 900 3185 909 3156 932 3156 932 3154 932 3154 932 3154 932 3152 932 3152 932 3152 932 3073 934 3070 934 3070 934 3068 934 3068 934 3068 934 3066 934 3034 913 3016 902 2951 916 2944 916 2944 916 2944 916 2942 916 2942 916 2942 916 2937 916 2878 902 2847 918 2817 934 2817 934 2817 934 2815 934 2815 934 2813 934 2813 934 2734 922 2734 922 2732 922 2732 922 2732 922 2729 922 2729 922 2729 920 2711 907 2682 907 2662 925 2655 932 2655 932 2653 932 2653 932 2653 932 2650 932 2650 932 2650 932 2648 932 2648 932 2610 927 2592 925 2585 927 2567 936 2567 936 2567 936 2564 936 2564 936 2564 938 2465 938 2463 936 2463 936 2461 936 2461 936 2461 936 2458 936 2458 936 2454 932 2434 916 2409 934 2402 938 2400 938 2400 938 2400 938 2397 938 2397 938 2395 938 2395 938 2395 938 2373 934 2269 909 2149 941"/></Shape>
	    <String CONTENT="femmes que filles avecq elle deposant audict"
                    HPOS="2145"
                    VPOS="825"
                    WIDTH="1259"
                    HEIGHT="116"></String>
          </TextLine>

          
          
          <TextLine ID="eSc_line_78511343"
                    
                    BASELINE="2099 992 2892 977 3434 979" 
                    HPOS="2093"
                    VPOS="918"
                    WIDTH="1341"
                    HEIGHT="133">
            <Shape><Polygon POINTS="2099 992 2093 952 2187 950 2205 934 2205 932 2205 932 2208 932 2208 932 2210 932 2210 932 2210 932 2212 932 2212 932 2212 932 2215 932 2262 947 2296 929 2296 929 2296 929 2298 929 2298 929 2300 929 2300 929 2300 929 2303 929 2357 947 2434 947 2447 947 2447 945 2495 927 2495 927 2497 927 2497 927 2499 927 2603 927 2603 927 2603 927 2605 927 2605 927 2607 927 2607 927 2625 943 2648 925 2648 925 2650 925 2650 925 2653 925 2653 925 2653 925 2655 925 2844 938 2892 922 2894 922 2894 922 2894 922 2896 922 2896 922 2896 922 2899 922 2946 938 3095 920 3095 920 3097 920 3097 920 3097 920 3100 920 3100 920 3102 920 3102 920 3124 936 3124 938 3176 938 3181 936 3292 918 3292 918 3294 918 3294 918 3294 918 3296 918 3296 918 3296 918 3298 918 3298 918 3298 920 3314 934 3386 922 3386 922 3389 922 3389 922 3391 922 3434 934 3434 979 3427 1020 3386 999 3346 1010 3343 1010 3343 1010 3343 1010 3341 1010 3341 1010 3278 1001 3244 1024 3228 1035 3226 1035 3226 1035 3226 1035 3224 1035 3224 1035 3224 1035 3027 1038 3025 1038 3025 1038 3023 1038 3023 1038 3023 1038 3021 1038 3021 1035 3014 1031 2984 1006 2933 1020 2930 1020 2930 1020 2928 1020 2928 1020 2835 1006 2727 1024 2727 1024 2725 1024 2725 1024 2725 1024 2691 1017 2630 1040 2614 1044 2614 1044 2612 1044 2612 1044 2610 1044 2610 1044 2610 1044 2607 1044 2607 1044 2607 1044 2598 1040 2542 1010 2472 1042 2463 1047 2463 1047 2461 1047 2461 1047 2461 1047 2458 1047 2458 1047 2458 1047 2456 1047 2456 1047 2454 1047 2449 1044 2395 1013 2355 1013 2303 1042 2300 1042 2300 1042 2298 1042 2298 1042 2298 1042 2296 1042 2296 1042 2296 1042 2248 1033 2228 1049 2228 1049 2226 1049 2226 1049 2226 1049 2226 1049 2224 1049 2224 1049 2224 1049 2099 1051"/></Shape>
	    <String CONTENT="chasteau qui aussi furent prises prisonnieres"
                    HPOS="2093"
                    VPOS="918"
                    WIDTH="1341"
                    HEIGHT="133"></String>
          </TextLine>

          
          
          <TextLine ID="eSc_line_c324adfd"
                    
                    BASELINE="2163 1089 3409 1074" 
                    HPOS="2156"
                    VPOS="1010"
                    WIDTH="1255"
                    HEIGHT="109">
            <Shape><Polygon POINTS="2163 1089 2156 1047 2224 1026 2226 1026 2226 1026 2226 1026 2228 1026 2228 1026 2230 1026 2230 1026 2275 1042 2309 1022 2312 1022 2312 1022 2314 1022 2314 1022 2314 1022 2316 1022 2316 1022 2318 1022 2318 1022 2318 1022 2352 1040 2368 1026 2368 1026 2370 1026 2370 1026 2370 1026 2373 1026 2373 1026 2375 1026 2375 1026 2501 1040 2513 1040 2515 1040 2549 1017 2551 1017 2551 1017 2551 1017 2553 1017 2553 1017 2555 1017 2555 1017 2555 1017 2558 1017 2558 1017 2605 1038 2607 1038 2610 1038 2689 1015 2691 1015 2691 1015 2693 1015 2822 1015 2822 1015 2822 1015 2824 1015 2824 1015 2824 1015 2826 1015 2851 1033 2856 1035 2860 1033 2890 1020 2890 1020 2892 1020 2892 1020 2892 1020 2894 1020 3023 1031 3041 1031 3043 1029 3066 1010 3066 1010 3068 1010 3068 1010 3068 1010 3070 1010 3070 1010 3070 1010 3073 1010 3073 1010 3075 1010 3075 1010 3075 1010 3077 1010 3104 1029 3109 1031 3111 1029 3131 1015 3133 1015 3133 1015 3136 1015 3136 1015 3136 1015 3138 1015 3138 1015 3140 1015 3183 1026 3199 1031 3208 1026 3235 1013 3235 1013 3235 1013 3237 1013 3237 1013 3237 1013 3240 1013 3240 1013 3242 1013 3242 1013 3242 1013 3244 1013 3244 1013 3260 1026 3264 1029 3402 1024 3409 1074 3411 1085 3380 1108 3377 1108 3377 1108 3377 1108 3375 1108 3375 1108 3375 1110 3260 1110 3258 1108 3258 1108 3255 1108 3255 1108 3255 1108 3253 1108 3235 1096 3228 1101 3228 1103 3228 1103 3226 1103 3226 1103 3226 1103 3224 1103 3224 1103 3222 1103 3222 1103 3222 1103 3219 1103 3219 1103 3217 1103 3217 1103 3197 1087 3197 1087 3190 1087 3129 1101 3129 1101 3129 1101 3127 1101 3127 1101 3127 1101 3124 1101 3124 1101 3122 1101 3104 1089 3097 1087 3023 1087 3016 1092 2984 1112 2982 1112 2982 1112 2982 1112 2980 1112 2980 1112 2980 1114 2912 1114 2910 1112 2910 1112 2908 1112 2908 1112 2908 1112 2905 1112 2905 1112 2885 1094 2881 1092 2842 1092 2838 1094 2813 1114 2813 1114 2811 1114 2811 1114 2811 1114 2808 1114 2808 1114 2808 1114 2691 1117 2689 1117 2689 1117 2686 1117 2686 1117 2686 1117 2684 1117 2684 1117 2659 1098 2657 1096 2657 1098 2630 1117 2628 1117 2628 1117 2628 1117 2625 1117 2625 1117 2625 1119 2580 1119 2578 1117 2578 1117 2576 1117 2576 1117 2574 1117 2574 1117 2551 1098 2544 1094 2535 1101 2515 1110 2515 1110 2515 1110 2513 1110 2513 1110 2510 1110 2510 1110 2510 1110 2470 1101 2445 1096 2163 1105"/></Shape>
	    <String CONTENT="et emmeners des led jour quator ou cing"
                    HPOS="2156"
                    VPOS="1010"
                    WIDTH="1255"
                    HEIGHT="109"></String>
          </TextLine>

          
          
          <TextLine ID="eSc_line_30fc0c92"
                    
                    BASELINE="2165 1182 3014 1159 3407 1159" 
                    HPOS="2158"
                    VPOS="1094"
                    WIDTH="1249"
                    HEIGHT="126">
            <Shape><Polygon POINTS="2165 1182 2158 1139 2199 1119 2199 1119 2199 1119 2201 1119 2201 1119 2203 1119 2203 1119 2203 1119 2205 1119 2253 1135 2303 1119 2305 1119 2305 1119 2305 1119 2307 1119 2307 1119 2309 1119 2309 1119 2309 1119 2312 1119 2312 1119 2325 1130 2395 1119 2395 1119 2397 1119 2397 1119 2397 1119 2400 1119 2440 1130 2490 1114 2492 1114 2492 1114 2492 1114 2495 1114 2495 1114 2571 1128 2605 1108 2607 1108 2607 1108 2610 1108 2610 1108 2610 1108 2612 1108 2612 1108 2612 1108 2659 1117 2673 1105 2673 1105 2675 1105 2675 1105 2675 1105 2677 1105 2677 1105 2677 1105 2680 1105 2680 1105 2682 1105 2682 1105 2727 1123 2777 1103 2777 1103 2779 1103 2779 1103 2779 1103 2894 1101 2896 1101 2896 1101 2899 1101 2899 1101 2899 1101 2933 1119 3021 1103 3021 1103 3021 1103 3023 1103 3143 1112 3203 1094 3206 1094 3206 1094 3206 1094 3208 1094 3208 1094 3210 1094 3210 1094 3210 1094 3213 1094 3242 1112 3244 1112 3402 1110 3407 1159 3404 1180 3357 1173 3346 1182 3337 1191 3337 1193 3337 1193 3334 1193 3334 1193 3334 1193 3332 1193 3332 1193 3332 1193 3249 1196 3246 1196 3246 1196 3244 1196 3215 1187 3161 1171 3034 1171 2987 1191 2987 1191 2984 1191 2984 1191 2982 1191 2982 1191 2982 1191 2980 1191 2930 1175 2858 1187 2858 1187 2856 1187 2856 1187 2784 1177 2734 1202 2723 1207 2723 1207 2723 1207 2720 1207 2720 1207 2718 1207 2718 1207 2718 1207 2716 1207 2716 1207 2704 1202 2680 1191 2653 1205 2641 1209 2641 1209 2641 1209 2639 1209 2639 1209 2639 1209 2637 1209 2587 1207 2555 1202 2555 1202 2553 1202 2553 1202 2553 1202 2551 1202 2551 1202 2551 1200 2537 1189 2427 1207 2427 1207 2425 1207 2425 1207 2425 1207 2422 1207 2422 1207 2422 1207 2420 1207 2420 1207 2400 1189 2305 1189 2269 1216 2266 1218 2266 1218 2264 1218 2264 1218 2264 1218 2262 1218 2262 1218 2262 1220 2165 1220"/></Shape>
	    <String CONTENT="journes apres mydy et ont toutes paye"
                    HPOS="2158"
                    VPOS="1094"
                    WIDTH="1249"
                    HEIGHT="126"></String>
          </TextLine>

          
          
          <TextLine ID="eSc_line_98562ffa"
                    
                    BASELINE="2156 1277 3380 1245" 
                    HPOS="2149"
                    VPOS="1177"
                    WIDTH="1231"
                    HEIGHT="138">
            <Shape><Polygon POINTS="2156 1277 2149 1229 2323 1196 2323 1196 2325 1196 2325 1196 2404 1205 2418 1193 2418 1193 2420 1193 2420 1193 2420 1193 2422 1193 2422 1193 2422 1193 2564 1191 2567 1191 2567 1191 2569 1191 2569 1191 2569 1191 2616 1211 2625 1216 2648 1211 2677 1205 2677 1205 2677 1205 2680 1205 2680 1205 2682 1205 2700 1209 2718 1214 2725 1209 2736 1198 2736 1198 2738 1198 2738 1198 2738 1198 2741 1198 2741 1198 2741 1198 2743 1198 2743 1198 2745 1198 2745 1198 2745 1198 2747 1198 2761 1207 2770 1214 2840 1214 2849 1205 2860 1196 2860 1193 2860 1193 2863 1193 2863 1193 2865 1193 2865 1193 2865 1193 2867 1193 2867 1193 2867 1193 2869 1193 2890 1200 2933 1180 2933 1180 2933 1180 2935 1180 2935 1180 2937 1180 2937 1180 2937 1180 2989 1191 3030 1177 3030 1177 3032 1177 3032 1177 3034 1177 3034 1177 3034 1177 3036 1177 3036 1177 3075 1196 3095 1205 3158 1193 3197 1187 3197 1187 3199 1187 3199 1187 3199 1187 3201 1187 3201 1187 3201 1187 3203 1187 3203 1187 3203 1189 3208 1191 3217 1200 3373 1187 3380 1245 3377 1259 3174 1261 3147 1270 3061 1293 3059 1293 3059 1293 3057 1293 3057 1293 3054 1293 3054 1293 3009 1275 2989 1268 2982 1277 2964 1293 2964 1295 2964 1295 2962 1295 2962 1295 2962 1295 2960 1295 2960 1295 2960 1295 2901 1297 2899 1297 2899 1297 2896 1297 2896 1297 2896 1297 2894 1297 2894 1297 2894 1295 2881 1284 2820 1299 2817 1299 2817 1299 2815 1299 2815 1299 2815 1299 2813 1299 2813 1299 2811 1299 2788 1286 2765 1272 2639 1286 2639 1286 2637 1286 2637 1286 2634 1286 2634 1286 2612 1277 2574 1295 2546 1306 2546 1306 2544 1306 2544 1306 2544 1306 2438 1308 2436 1308 2436 1308 2436 1308 2402 1302 2364 1293 2348 1304 2334 1313 2332 1313 2332 1313 2332 1313 2330 1313 2330 1313 2330 1313 2327 1313 2327 1313 2325 1313 2325 1313 2303 1306 2289 1299 2282 1306 2275 1311 2275 1313 2275 1313 2273 1313 2273 1313 2273 1313 2271 1313 2271 1313 2271 1313 2208 1315 2205 1315 2205 1315 2205 1315 2203 1315 2203 1315 2201 1315 2194 1311 2174 1299 2160 1311"/></Shape>
	    <String CONTENT="rancoy et en a elle depposant pour elle"
                    HPOS="2149"
                    VPOS="1177"
                    WIDTH="1231"
                    HEIGHT="138"></String>
          </TextLine>

          
          
          <TextLine ID="eSc_line_436c81c3"
                    
                    BASELINE="2160 1390 2510 1369 3386 1340" 
                    HPOS="2151"
                    VPOS="1277"
                    WIDTH="1235"
                    HEIGHT="149">
            <Shape><Polygon POINTS="2160 1390 2151 1340 2201 1324 2203 1324 2203 1324 2205 1324 2336 1326 2350 1315 2350 1315 2352 1315 2352 1315 2352 1315 2355 1315 2355 1315 2355 1315 2357 1315 2357 1315 2359 1315 2359 1315 2359 1315 2386 1329 2461 1304 2463 1304 2463 1304 2463 1304 2465 1304 2465 1304 2467 1304 2467 1304 2467 1304 2470 1304 2470 1304 2492 1322 2560 1302 2562 1302 2562 1302 2562 1302 2564 1302 2564 1302 2567 1302 2630 1317 2653 1297 2653 1297 2655 1297 2655 1297 2655 1297 2657 1297 2657 1297 2657 1297 2659 1297 2659 1297 2662 1297 2662 1297 2662 1297 2707 1317 2750 1317 2781 1293 2781 1293 2784 1293 2784 1293 2786 1293 2786 1293 2786 1293 2788 1293 2788 1293 2788 1293 2790 1293 2790 1293 2790 1293 2820 1308 2887 1290 2890 1290 2890 1290 2892 1290 2892 1290 2892 1290 2894 1290 2894 1290 2924 1304 2946 1286 2946 1286 2948 1286 2948 1286 2948 1286 2951 1286 2951 1286 2953 1286 2953 1286 2953 1286 3045 1304 3075 1281 3075 1281 3077 1281 3077 1281 3077 1281 3079 1281 3079 1281 3082 1281 3082 1281 3172 1290 3192 1277 3194 1277 3194 1277 3194 1277 3197 1277 3197 1277 3197 1277 3199 1277 3382 1295 3386 1340 3384 1381 3271 1372 3271 1372 3269 1372 3269 1372 3269 1372 3267 1372 3267 1372 3267 1372 3251 1358 3140 1358 3041 1383 3041 1383 3041 1383 3039 1383 3039 1383 3036 1383 3036 1383 3036 1383 3003 1367 2919 1369 2844 1401 2844 1401 2844 1401 2842 1401 2842 1401 2840 1401 2840 1401 2840 1401 2840 1401 2774 1387 2702 1403 2702 1403 2702 1403 2700 1403 2700 1403 2698 1403 2698 1403 2698 1403 2695 1403 2664 1381 2589 1381 2499 1383 2397 1419 2393 1419 2391 1419 2391 1419 2391 1419 2294 1421 2291 1421 2291 1421 2289 1421 2289 1421 2289 1421 2289 1421 2287 1421 2287 1421 2273 1410 2257 1421 2257 1423 2257 1423 2257 1423 2255 1423 2255 1423 2253 1423 2253 1423 2253 1423 2160 1426"/></Shape>
	    <String CONTENT="paye quarente livres et le landemain"
                    HPOS="2151"
                    VPOS="1277"
                    WIDTH="1235"
                    HEIGHT="149"></String>
          </TextLine>

          
          
          <TextLine ID="eSc_line_d6a48d55"
                    
                    BASELINE="2163 1487 3154 1451 3436 1451" 
                    HPOS="2151"
                    VPOS="1383"
                    WIDTH="1285"
                    HEIGHT="144">
            <Shape><Polygon POINTS="2163 1487 2151 1442 2178 1419 2178 1419 2181 1419 2181 1419 2181 1419 2183 1419 2183 1419 2185 1419 2185 1419 2185 1419 2187 1419 2228 1430 2298 1414 2298 1414 2298 1414 2300 1414 2300 1414 2303 1414 2303 1414 2350 1432 2382 1412 2384 1412 2384 1412 2384 1412 2386 1412 2386 1412 2388 1412 2388 1412 2388 1412 2391 1412 2391 1412 2431 1428 2506 1412 2506 1412 2506 1412 2508 1412 2508 1412 2583 1423 2610 1405 2612 1405 2612 1405 2612 1405 2614 1405 2614 1405 2616 1405 2616 1405 2616 1405 2698 1421 2765 1399 2768 1399 2768 1399 2768 1399 2770 1399 2770 1399 2772 1399 2772 1399 2772 1399 2774 1399 2774 1399 2793 1414 2815 1403 2815 1403 2815 1403 2817 1403 2817 1403 2820 1403 2820 1403 2822 1403 2872 1414 3016 1410 3041 1390 3041 1390 3043 1390 3043 1390 3045 1390 3045 1390 3045 1390 3102 1387 3104 1387 3104 1387 3106 1387 3106 1387 3147 1401 3199 1390 3199 1390 3199 1390 3201 1390 3201 1390 3203 1390 3203 1390 3203 1390 3206 1390 3224 1401 3244 1385 3244 1383 3244 1383 3246 1383 3246 1383 3249 1383 3249 1383 3249 1383 3251 1383 3434 1396 3436 1451 3432 1473 3380 1464 3362 1475 3339 1491 3337 1491 3337 1491 3337 1491 3334 1491 3334 1491 3334 1491 3260 1493 3258 1493 3258 1493 3255 1493 3255 1493 3255 1493 3253 1493 3228 1478 3201 1462 3147 1480 3143 1480 3140 1480 3140 1480 3138 1480 3138 1480 3138 1480 3136 1480 3136 1480 3133 1480 3100 1464 3073 1480 3036 1502 3034 1502 3034 1502 3032 1502 3032 1502 3032 1502 2966 1505 2964 1505 2964 1505 2962 1505 2962 1505 2962 1505 2960 1505 2930 1484 2881 1489 2881 1489 2878 1489 2878 1489 2876 1489 2876 1489 2876 1489 2874 1489 2867 1484 2849 1473 2829 1484 2808 1496 2808 1496 2808 1496 2806 1496 2806 1496 2804 1496 2804 1496 2804 1496 2759 1487 2718 1478 2569 1480 2513 1484 2508 1491 2479 1516 2479 1518 2479 1518 2476 1518 2476 1518 2474 1518 2474 1518 2474 1518 2296 1527 2294 1527 2294 1527 2294 1527 2291 1527 2291 1527 2233 1500 2160 1496"/></Shape>
	    <String CONTENT="verd estant au lieu et lerne en la maison ou"
                    HPOS="2151"
                    VPOS="1383"
                    WIDTH="1285"
                    HEIGHT="144"></String>
          </TextLine>

          
          
          <TextLine ID="eSc_line_465ca4b3"
                    
                    BASELINE="2174 1575 2973 1559 3432 1532" 
                    HPOS="2167"
                    VPOS="1480"
                    WIDTH="1265"
                    HEIGHT="133">
            <Shape><Polygon POINTS="2174 1575 2167 1527 2262 1514 2262 1514 2264 1514 2264 1514 2307 1520 2355 1530 2366 1518 2373 1514 2373 1511 2373 1511 2375 1511 2375 1511 2375 1511 2377 1511 2377 1511 2377 1511 2434 1509 2436 1509 2436 1509 2436 1509 2438 1509 2438 1509 2438 1509 2440 1509 2449 1516 2467 1527 2531 1527 2544 1511 2551 1507 2551 1505 2551 1505 2553 1505 2553 1505 2553 1505 2555 1505 2555 1505 2555 1505 2628 1502 2630 1502 2630 1502 2632 1502 2632 1502 2632 1502 2646 1509 2668 1520 2750 1509 2750 1509 2752 1509 2752 1509 2752 1509 2754 1509 2754 1509 2779 1518 2833 1502 2854 1496 2856 1496 2856 1496 2858 1496 2894 1496 2894 1496 2894 1496 2896 1496 2896 1496 2896 1496 2899 1496 2899 1496 2899 1498 2901 1500 2914 1511 2928 1500 2928 1500 2930 1500 2930 1500 2930 1500 2933 1500 2933 1500 2935 1500 2935 1500 2935 1500 2937 1500 2937 1500 2937 1500 2939 1500 2957 1511 3066 1511 3109 1491 3115 1489 3115 1489 3118 1489 3118 1489 3118 1489 3120 1489 3120 1489 3136 1491 3217 1505 3235 1487 3237 1487 3237 1484 3237 1484 3240 1484 3240 1484 3240 1484 3242 1484 3242 1484 3244 1484 3244 1484 3244 1484 3255 1487 3289 1493 3359 1482 3366 1482 3366 1482 3368 1482 3368 1482 3368 1482 3371 1482 3371 1482 3371 1482 3373 1482 3373 1482 3393 1498 3420 1480 3432 1532 3432 1552 3292 1557 3235 1588 3235 1588 3235 1588 3233 1588 3233 1588 3233 1588 3231 1588 3231 1588 3231 1588 3228 1588 3228 1588 3226 1588 3188 1566 3145 1586 3145 1586 3145 1586 3143 1586 3143 1586 3140 1586 3140 1586 3140 1586 3138 1586 3138 1586 3138 1586 3136 1586 3136 1586 3136 1584 3122 1572 3075 1590 3075 1590 3073 1590 3073 1590 3070 1590 3070 1590 3070 1590 3068 1590 3068 1590 3016 1566 3016 1566 3016 1566 2971 1593 2969 1593 2969 1593 2966 1593 2966 1593 2966 1593 2964 1593 2964 1593 2962 1593 2962 1593 2903 1572 2851 1590 2849 1590 2849 1590 2849 1590 2847 1590 2847 1590 2847 1590 2844 1590 2844 1590 2844 1590 2842 1590 2820 1572 2781 1604 2781 1604 2779 1604 2779 1604 2777 1604 2777 1604 2777 1604 2709 1606 2709 1606 2447 1613 2445 1613 2445 1613 2443 1613 2443 1613 2443 1613 2440 1613 2440 1613 2415 1593 2345 1586 2332 1586 2280 1586 2278 1588 2242 1613 2239 1613 2239 1613 2239 1613 2237 1613 2237 1613 2237 1613 2235 1613 2235 1613 2233 1613 2233 1613 2233 1613 2230 1613 2230 1613 2203 1593 2174 1593"/></Shape>
	    <String CONTENT="estoit loge celluy qui la tenoit prisonniere"
                    HPOS="2167"
                    VPOS="1480"
                    WIDTH="1265"
                    HEIGHT="133"></String>
          </TextLine>

          
          
          <TextLine ID="eSc_line_8fce2031"
                    
                    BASELINE="2172 1663 3416 1633" 
                    HPOS="2160"
                    VPOS="1581"
                    WIDTH="1256"
                    HEIGHT="125">
            <Shape><Polygon POINTS="2172 1663 2160 1624 2199 1597 2201 1597 2201 1597 2201 1597 2203 1597 2203 1597 2203 1597 2357 1593 2359 1593 2443 1593 2443 1593 2443 1593 2445 1593 2445 1593 2445 1593 2447 1593 2481 1615 2551 1590 2553 1590 2553 1590 2553 1590 2555 1590 2555 1590 2558 1590 2558 1590 2558 1590 2605 1613 2655 1597 2657 1597 2657 1597 2657 1597 2659 1597 2659 1597 2659 1597 2662 1597 2704 1611 2761 1599 2761 1599 2761 1599 2763 1599 2763 1599 2763 1599 2765 1599 2795 1609 2835 1581 2838 1581 2838 1581 2838 1581 2840 1581 2840 1581 2840 1581 2842 1581 2842 1581 2844 1581 2844 1581 2844 1581 2896 1606 2960 1595 2960 1595 2960 1595 2962 1595 2962 1595 2964 1595 3003 1604 3034 1581 3036 1581 3036 1581 3036 1581 3039 1581 3039 1581 3039 1581 3041 1581 3041 1581 3043 1581 3043 1581 3043 1581 3088 1602 3283 1599 3301 1584 3301 1581 3301 1581 3303 1581 3303 1581 3305 1581 3305 1581 3305 1581 3307 1581 3307 1581 3307 1581 3310 1581 3310 1581 3312 1581 3337 1597 3411 1597 3416 1633 3416 1649 3240 1665 3237 1665 3237 1665 3237 1665 3190 1656 3104 1685 3102 1685 3102 1685 3102 1685 3100 1685 3100 1685 3097 1685 3061 1676 3005 1687 3005 1687 3005 1687 3003 1687 3003 1687 3000 1687 3000 1687 3000 1687 2998 1687 2971 1669 2939 1690 2937 1690 2937 1690 2935 1690 2935 1690 2935 1690 2933 1690 2933 1690 2933 1690 2930 1690 2930 1690 2930 1690 2928 1690 2928 1690 2896 1663 2851 1665 2833 1683 2833 1685 2833 1685 2831 1685 2831 1685 2831 1685 2829 1685 2829 1685 2829 1685 2826 1685 2826 1685 2824 1685 2824 1685 2824 1685 2822 1685 2788 1665 2781 1665 2752 1665 2750 1665 2650 1697 2648 1697 2648 1697 2648 1699 2578 1699 2576 1697 2576 1697 2574 1697 2574 1697 2574 1697 2571 1697 2571 1697 2549 1676 2497 1694 2495 1694 2495 1694 2495 1694 2492 1694 2492 1694 2492 1694 2490 1694 2490 1694 2490 1694 2488 1694 2461 1674 2438 1692 2438 1692 2436 1692 2436 1692 2434 1692 2434 1692 2434 1692 2431 1692 2431 1692 2429 1692 2429 1692 2429 1692 2393 1674 2355 1703 2355 1703 2352 1703 2352 1703 2350 1703 2350 1703 2350 1703 2266 1706 2264 1706 2264 1706 2262 1706 2167 1676"/></Shape>
	    <String CONTENT="le pri audict chasteau de chavigny et [amene]"
                    HPOS="2160"
                    VPOS="1581"
                    WIDTH="1256"
                    HEIGHT="125"></String>
          </TextLine>

          
          
          <TextLine ID="eSc_line_33456b6a"
                    
                    BASELINE="2165 1753 3407 1742" 
                    HPOS="2158"
                    VPOS="1678"
                    WIDTH="1253"
                    HEIGHT="122">
            <Shape><Polygon POINTS="2165 1753 2158 1699 2228 1687 2228 1687 2230 1687 2230 1687 2230 1687 2233 1687 2233 1687 2235 1687 2251 1697 2260 1703 2312 1697 2409 1685 2409 1685 2411 1685 2411 1685 2413 1685 2454 1697 2472 1701 2490 1697 2535 1685 2537 1685 2537 1685 2540 1685 2540 1685 2540 1685 2542 1685 2542 1685 2542 1685 2564 1697 2574 1701 2901 1701 2957 1699 2960 1694 2971 1685 2971 1683 2971 1683 2973 1683 2973 1683 2973 1683 2975 1683 2975 1683 2978 1683 2978 1683 3068 1694 3088 1697 3093 1694 3113 1681 3115 1681 3115 1681 3115 1681 3118 1681 3118 1681 3120 1681 3120 1681 3120 1681 3122 1681 3165 1694 3165 1694 3167 1694 3213 1678 3213 1678 3215 1678 3215 1678 3217 1678 3217 1678 3217 1678 3219 1678 3219 1678 3251 1692 3264 1678 3264 1678 3264 1678 3267 1678 3267 1678 3269 1678 3269 1678 3269 1678 3271 1678 3271 1678 3271 1678 3273 1678 3319 1694 3321 1694 3321 1694 3339 1681 3341 1681 3341 1681 3341 1681 3343 1681 3343 1681 3343 1681 3346 1681 3346 1681 3346 1681 3402 1694 3407 1742 3411 1766 3382 1789 3382 1789 3380 1789 3380 1789 3380 1789 3377 1789 3377 1789 3377 1791 3260 1791 3258 1789 3258 1789 3255 1789 3201 1771 3167 1760 3149 1773 3124 1791 3122 1791 3122 1791 3122 1791 3120 1791 3120 1791 3120 1794 3014 1794 3012 1791 3012 1791 3009 1791 3009 1791 3009 1791 3007 1791 2987 1778 2962 1762 2926 1778 2921 1780 2921 1780 2919 1780 2919 1780 2919 1780 2917 1780 2917 1780 2914 1780 2914 1780 2910 1780 2874 1764 2653 1764 2632 1787 2628 1789 2628 1791 2628 1791 2625 1791 2625 1791 2625 1791 2623 1791 2623 1791 2564 1796 2562 1796 2562 1796 2562 1796 2560 1796 2560 1796 2560 1796 2558 1796 2546 1789 2510 1766 2415 1766 2373 1794 2366 1798 2364 1798 2364 1798 2364 1798 2361 1798 2361 1798 2361 1800 2296 1800 2294 1798 2294 1798 2291 1798 2291 1798 2291 1798 2285 1796 2235 1769 2167 1798"/></Shape>
	    <String CONTENT="il brusloit et y avoient mys les feu [lest]"
                    HPOS="2158"
                    VPOS="1678"
                    WIDTH="1253"
                    HEIGHT="122"></String>
          </TextLine>

          
          
          <TextLine ID="eSc_line_b34fd3bd"
                    
                    BASELINE="2172 1843 3373 1850" 
                    HPOS="2169"
                    VPOS="1782"
                    WIDTH="1204"
                    HEIGHT="111">
            <Shape><Polygon POINTS="2172 1843 2174 1782 2235 1800 2449 1800 2495 1787 2508 1785 2510 1785 2510 1785 2513 1785 2513 1785 2513 1785 2515 1785 2528 1789 2574 1800 2614 1789 2628 1787 2630 1787 2630 1787 2632 1787 2632 1787 2662 1791 2727 1800 2892 1796 3068 1789 3070 1789 3070 1789 3073 1789 3109 1798 3124 1803 3136 1800 3163 1789 3163 1789 3165 1789 3165 1789 3167 1789 3167 1789 3167 1789 3170 1789 3170 1789 3170 1789 3172 1789 3172 1789 3185 1800 3188 1803 3197 1800 3240 1789 3242 1789 3242 1789 3244 1789 3244 1789 3244 1789 3246 1789 3246 1789 3246 1789 3249 1789 3249 1789 3262 1803 3264 1805 3371 1805 3373 1850 3368 1873 3131 1868 3127 1870 3113 1884 3113 1886 3113 1886 3111 1886 3111 1886 3111 1886 3109 1886 3109 1886 3106 1886 3106 1886 3106 1886 3050 1875 3032 1891 3032 1891 3030 1891 3030 1891 3030 1891 3027 1891 3027 1891 3027 1893 2973 1893 2971 1891 2790 1868 2765 1866 2763 1868 2743 1886 2743 1888 2743 1888 2741 1888 2741 1888 2741 1888 2738 1888 2738 1888 2736 1888 2736 1888 2736 1888 2734 1888 2695 1877 2592 1888 2592 1888 2589 1888 2589 1888 2587 1888 2549 1877 2537 1886 2535 1886 2535 1886 2535 1886 2533 1886 2533 1886 2533 1886 2531 1886 2531 1886 2528 1886 2528 1886 2528 1886 2526 1886 2526 1886 2504 1866 2456 1886 2456 1886 2454 1886 2454 1886 2454 1888 2314 1888 2312 1886 2312 1886 2309 1886 2309 1886 2307 1886 2269 1864 2266 1864 2169 1864"/></Shape>
	    <String CONTENT="delanouvelle religion qui y estoient lors"
                    HPOS="2169"
                    VPOS="1782"
                    WIDTH="1204"
                    HEIGHT="111"></String>
          </TextLine>

          
          
          <TextLine ID="eSc_line_26bc464c"
                    
                    BASELINE="2176 1945 3438 1931" 
                    HPOS="2172"
                    VPOS="1864"
                    WIDTH="1269"
                    HEIGHT="121">
            <Shape><Polygon POINTS="2176 1945 2172 1902 2285 1875 2285 1875 2285 1875 2287 1875 2287 1875 2289 1875 2289 1875 2350 1897 2352 1897 2352 1897 2431 1873 2434 1873 2434 1873 2436 1873 2772 1873 2772 1873 2772 1873 2774 1873 2774 1873 2777 1873 2797 1886 2826 1868 2829 1868 2829 1868 2831 1868 2831 1868 2831 1868 2833 1868 2833 1868 2835 1868 2903 1888 2917 1891 3054 1888 3059 1886 3086 1870 3086 1870 3086 1870 3088 1870 3088 1870 3088 1870 3091 1870 3091 1870 3093 1870 3093 1870 3093 1870 3095 1870 3113 1884 3122 1888 3321 1888 3332 1879 3359 1864 3362 1864 3362 1864 3362 1864 3364 1864 3364 1864 3366 1864 3366 1864 3366 1864 3434 1879 3438 1931 3441 1945 3391 1972 3391 1972 3391 1972 3389 1972 3389 1972 3389 1972 3386 1972 3386 1972 3384 1972 3384 1972 3384 1972 3350 1954 3321 1972 3319 1972 3319 1972 3316 1972 3316 1972 3316 1972 3314 1972 3314 1972 3312 1972 3312 1972 3312 1972 3310 1972 3289 1958 3217 1965 3217 1965 3215 1965 3215 1965 3213 1965 3165 1954 3156 1952 3152 1954 3124 1972 3122 1972 3122 1972 3122 1972 3120 1972 3120 1972 3118 1972 3118 1972 3118 1972 3115 1972 3115 1972 3113 1972 3113 1972 3113 1970 3095 1956 3091 1952 3054 1952 3039 1958 2991 1976 2991 1976 2989 1976 2989 1976 2989 1976 2987 1976 2779 1965 2598 1956 2574 1972 2562 1981 2560 1981 2560 1981 2560 1981 2558 1981 2558 1981 2558 1983 2449 1983 2447 1981 2447 1981 2445 1981 2445 1981 2443 1981 2436 1976 2406 1961 2388 1979 2386 1979 2386 1981 2386 1981 2384 1981 2384 1981 2384 1981 2382 1981 2382 1981 2382 1981 2379 1981 2379 1981 2377 1981 2377 1981 2377 1981 2375 1981 2373 1979 2341 1961 2269 1961 2244 1981 2244 1983 2244 1983 2244 1983 2242 1983 2242 1983 2242 1983 2239 1983 2239 1983 2239 1985 2176 1985"/></Shape>
	    <String CONTENT="et alapresisniee dudict jour elle deposant"
                    HPOS="2172"
                    VPOS="1864"
                    WIDTH="1269"
                    HEIGHT="121"></String>
          </TextLine>

          
          
          <TextLine ID="eSc_line_e899756e"
                    
                    BASELINE="2174 2046 3413 2021" 
                    HPOS="2167"
                    VPOS="1958"
                    WIDTH="1246"
                    HEIGHT="118">
            <Shape><Polygon POINTS="2174 2046 2167 1983 2291 1976 2294 1976 2294 1976 2327 1981 2386 1990 2404 1981 2422 1972 2422 1972 2422 1972 2425 1972 2425 1972 2427 1972 2501 1972 2501 1972 2501 1972 2504 1972 2504 1972 2504 1972 2506 1972 2506 1972 2515 1979 2526 1990 2564 1990 2583 1979 2596 1972 2596 1972 2596 1972 2598 1972 2598 1972 2598 1972 2601 1972 2601 1972 2659 1979 2702 1983 2743 1979 2844 1963 2844 1963 2847 1963 2847 1963 2847 1963 2849 1963 2849 1963 2849 1963 2876 1976 2885 1981 2912 1976 2955 1970 2955 1970 2957 1970 2957 1970 3032 1976 3070 1979 3106 1979 3109 1976 3124 1961 3124 1958 3124 1958 3127 1958 3127 1958 3127 1958 3129 1958 3129 1958 3131 1958 3131 1958 3131 1958 3133 1958 3183 1974 3183 1974 3228 1974 3319 1974 3332 1961 3332 1958 3332 1958 3334 1958 3334 1958 3334 1958 3337 1958 3337 1958 3339 1958 3339 1958 3339 1958 3409 1974 3413 2021 3413 2031 3332 2055 3330 2055 3330 2055 3328 2055 3328 2055 3328 2055 3325 2055 3264 2035 3237 2058 3237 2058 3235 2058 3235 2058 3235 2058 3233 2058 3233 2058 3231 2058 3231 2058 3231 2058 3228 2058 3228 2058 3181 2037 3172 2037 3091 2037 3091 2037 3073 2060 3070 2060 3070 2062 3070 2062 3068 2062 3068 2062 3068 2062 3066 2062 3066 2062 3066 2062 3063 2062 3063 2062 3061 2062 3061 2062 3014 2044 2964 2064 2964 2064 2962 2064 2962 2064 2962 2064 2960 2064 2960 2064 2957 2064 2957 2064 2957 2064 2924 2046 2831 2044 2826 2044 2756 2044 2754 2044 2738 2060 2738 2062 2738 2062 2736 2062 2736 2062 2736 2062 2734 2062 2734 2062 2734 2062 2732 2062 2732 2062 2648 2046 2641 2046 2637 2046 2567 2071 2564 2071 2564 2071 2564 2071 2562 2071 2562 2071 2495 2060 2476 2073 2474 2073 2474 2073 2474 2073 2472 2073 2472 2073 2472 2073 2397 2076 2395 2076 2172 2055"/></Shape>
	    <String CONTENT="vers passe vui cornette de gens de cheval"
                    HPOS="2167"
                    VPOS="1958"
                    WIDTH="1246"
                    HEIGHT="118"></String>
          </TextLine>

          
          
          <TextLine ID="eSc_line_a2f3d24e"
                    
                    BASELINE="2176 2152 3073 2119 3425 2114" 
                    HPOS="2169"
                    VPOS="2046"
                    WIDTH="1256"
                    HEIGHT="140">
            <Shape><Polygon POINTS="2176 2152 2169 2078 2226 2076 2228 2076 2228 2076 2228 2076 2230 2076 2230 2076 2300 2100 2336 2078 2339 2078 2339 2078 2341 2078 2341 2078 2341 2078 2343 2078 2343 2078 2345 2078 2345 2078 2393 2096 2418 2073 2418 2071 2418 2071 2418 2071 2420 2071 2420 2071 2420 2071 2422 2071 2422 2071 2425 2071 2425 2071 2425 2071 2427 2071 2429 2071 2465 2082 2490 2071 2504 2064 2504 2064 2506 2064 2506 2064 2506 2064 2704 2058 2707 2058 2707 2058 2709 2058 2709 2058 2709 2058 2725 2067 2761 2085 2784 2073 2784 2073 2784 2073 2786 2073 2786 2073 2786 2073 2788 2073 2930 2078 2964 2062 2969 2060 2969 2060 2969 2060 2971 2060 2971 2060 2973 2060 2973 2060 2987 2060 3077 2073 3111 2058 3127 2051 3127 2051 3129 2051 3129 2051 3129 2051 3131 2051 3131 2051 3131 2051 3133 2051 3133 2051 3149 2058 3174 2071 3208 2071 3219 2055 3219 2055 3222 2055 3222 2053 3222 2053 3224 2053 3224 2053 3224 2053 3226 2053 3226 2053 3228 2053 3228 2053 3228 2053 3231 2053 3231 2053 3237 2055 3262 2067 3271 2055 3280 2049 3280 2046 3280 2046 3283 2046 3283 2046 3283 2046 3285 2046 3285 2046 3285 2046 3287 2046 3287 2046 3289 2046 3289 2046 3310 2055 3334 2064 3346 2053 3348 2051 3348 2051 3350 2051 3350 2051 3350 2051 3353 2051 3353 2051 3353 2051 3355 2051 3355 2051 3357 2051 3357 2051 3357 2051 3364 2053 3382 2062 3416 2053 3425 2114 3425 2148 3355 2152 3353 2152 3353 2152 3353 2152 3350 2152 3343 2150 3287 2134 3255 2143 3253 2143 3253 2143 3253 2143 3251 2143 3251 2143 3249 2143 3249 2143 3249 2143 3246 2143 3224 2128 3181 2146 3181 2146 3179 2146 3179 2146 3179 2146 3176 2146 3176 2146 3174 2146 3174 2146 3140 2132 3111 2148 3111 2148 3111 2148 3109 2148 3109 2148 3109 2148 3106 2148 3106 2148 3104 2148 3104 2148 3104 2148 3102 2148 3095 2143 3079 2157 3077 2157 3077 2159 3077 2159 3075 2159 3075 2159 3073 2159 3073 2159 3073 2159 3070 2159 3070 2159 3068 2159 3068 2159 3068 2159 3066 2159 3063 2157 3030 2137 2994 2137 2926 2159 2896 2168 2894 2168 2894 2168 2894 2168 2781 2170 2779 2170 2779 2170 2777 2170 2777 2170 2777 2170 2774 2170 2774 2170 2765 2161 2745 2146 2702 2146 2666 2146 2644 2164 2630 2177 2630 2177 2628 2177 2628 2177 2628 2177 2625 2177 2625 2177 2623 2177 2623 2177 2623 2177 2621 2177 2621 2177 2594 2166 2562 2152 2497 2168 2461 2175 2461 2175 2461 2175 2458 2175 2458 2175 2456 2175 2431 2168 2384 2157 2368 2170 2350 2186 2350 2186 2348 2186 2348 2186 2348 2186 2345 2186 2345 2186 2345 2186 2343 2186 2343 2186 2341 2186 2341 2186 2300 2170 2280 2164 2269 2173 2262 2177 2260 2177 2260 2177 2260 2177 2257 2177 2257 2177 2257 2177 2255 2177 2174 2173"/></Shape>
	    <String CONTENT="et disoient les soldatz qui tenrient elle  de[???]"
                    HPOS="2169"
                    VPOS="2046"
                    WIDTH="1256"
                    HEIGHT="140"></String>
          </TextLine>

          
          
          <TextLine ID="eSc_line_ded6148c"
                    
                    BASELINE="2172 2245 3391 2191" 
                    HPOS="2165"
                    VPOS="2121"
                    WIDTH="1226"
                    HEIGHT="201">
            <Shape><Polygon POINTS="2172 2245 2165 2193 2542 2157 2544 2157 2544 2157 2544 2157 2546 2157 2546 2157 2546 2157 2569 2168 2594 2182 2693 2179 2725 2159 2741 2148 2743 2148 2743 2148 2743 2148 2745 2148 2745 2148 2745 2148 2747 2148 2747 2148 2750 2148 2750 2148 2772 2157 2811 2170 2910 2157 2910 2157 2912 2157 2912 2157 2912 2157 2914 2157 2914 2157 2914 2157 2928 2164 2942 2148 2944 2148 2944 2146 2944 2146 2944 2146 2946 2146 2946 2146 2946 2146 2948 2146 2948 2146 2951 2146 2951 2146 2951 2146 2953 2146 2953 2146 2953 2146 2953 2146 2955 2146 2982 2164 3050 2164 3106 2137 3106 2137 3106 2137 3109 2137 3109 2137 3109 2137 3111 2137 3111 2137 3113 2137 3113 2137 3113 2137 3163 2155 3251 2155 3301 2125 3303 2123 3305 2123 3305 2123 3307 2123 3307 2123 3307 2123 3384 2121 3391 2191 3391 2225 3206 2236 3201 2240 3174 2263 3174 2263 3172 2263 3172 2263 3172 2263 3170 2263 3170 2263 3167 2263 3167 2263 3167 2263 3165 2263 3143 2256 3066 2283 3066 2283 3063 2283 3063 2283 2987 2288 2987 2288 2874 2292 2872 2292 2872 2292 2872 2292 2869 2292 2869 2292 2867 2292 2831 2270 2804 2254 2727 2279 2716 2281 2714 2281 2714 2281 2714 2281 2711 2281 2711 2281 2711 2281 2709 2281 2704 2279 2668 2267 2621 2286 2583 2301 2583 2301 2580 2301 2580 2301 2578 2301 2492 2299 2492 2299 2492 2299 2490 2299 2490 2299 2488 2299 2485 2297 2443 2272 2350 2301 2348 2301 2348 2301 2348 2301 2345 2301 2345 2301 2343 2301 2343 2301 2343 2301 2298 2276 2239 2276 2178 2322"/></Shape>
	    <String CONTENT="qui estoit le seigneur de montgommery qui passa"
                    HPOS="2165"
                    VPOS="2121"
                    WIDTH="1226"
                    HEIGHT="201"></String>
          </TextLine>

          
        </TextBlock>
        
        <TextBlock HPOS="1553"
                   VPOS="2428"
                   WIDTH="70"
                   HEIGHT="79"
                   ID="eSc_textblock_b0d01765"
                   TAGREFS="BT">
          <Shape><Polygon POINTS="1562 2428 1623 2446 1614 2498 1553 2507 1562 2428"/></Shape>
          
          
          <TextLine ID="eSc_line_5546ba17"
                    
                    BASELINE="1562 2491 1600 2491" 
                    HPOS="1560"
                    VPOS="2394"
                    WIDTH="40"
                    HEIGHT="128">
            <Shape><Polygon POINTS="1562 2491 1560 2401 1598 2394 1600 2491 1600 2522 1562 2522"/></Shape>
	    <String CONTENT="6"
                    HPOS="1560"
                    VPOS="2394"
                    WIDTH="40"
                    HEIGHT="128"></String>
          </TextLine>

          
        </TextBlock>
        
        <TextBlock HPOS="1921"
                   VPOS="2410"
                   WIDTH="61"
                   HEIGHT="79"
                   ID="eSc_textblock_6f26f1c5"
                   TAGREFS="BT">
          <Shape><Polygon POINTS="1939 2410 1982 2437 1973 2489 1921 2489 1939 2410"/></Shape>
          
          
          <TextLine ID="eSc_line_adf6bc88"
                    
                    BASELINE="1932 2480 1964 2482" 
                    HPOS="1928"
                    VPOS="2380"
                    WIDTH="38"
                    HEIGHT="122">
            <Shape><Polygon POINTS="1932 2480 1935 2380 1966 2383 1964 2482 1959 2502 1928 2498"/></Shape>
	    <String CONTENT="2"
                    HPOS="1928"
                    VPOS="2380"
                    WIDTH="38"
                    HEIGHT="122"></String>
          </TextLine>

          
        </TextBlock>
        
        <TextBlock HPOS="3285"
                   VPOS="126"
                   WIDTH="61"
                   HEIGHT="52"
                   ID="eSc_textblock_0c24406d"
                   TAGREFS="BT">
          <Shape><Polygon POINTS="3330 126 3346 178 3285 178 3285 144 3330 126"/></Shape>
          
        </TextBlock>
        
        <TextBlock HPOS="1984"
                   VPOS="2283"
                   WIDTH="52"
                   HEIGHT="25"
                   ID="eSc_textblock_13666e16"
                   TAGREFS="BT">
          <Shape><Polygon POINTS="1984 2283 2018 2283 2036 2299 2002 2308 1984 2283"/></Shape>
          
        </TextBlock>
        

        
      </PrintSpace>
    </Page>
  </Layout>
</alto>
