<?xml version="1.0" encoding="UTF-8"?>
<alto xmlns:xsi="http://www.w3.org/2001/XMLSchema-instance"
      xmlns="http://www.loc.gov/standards/alto/ns-v4#"
      xsi:schemaLocation="http://www.loc.gov/standards/alto/ns-v4# http://www.loc.gov/standards/alto/v4/alto-4-2.xsd">
  <Description>
    <MeasurementUnit>pixel</MeasurementUnit>
    <sourceImageInformation>
      <fileName>3.JPG</fileName>
      
    </sourceImageInformation>
  </Description>
  
  <Layout>
    <Page WIDTH="3794"
          HEIGHT="2846"
          PHYSICAL_IMG_NR="2"
          ID="eSc_dummypage_">
      <PrintSpace HPOS="0"
                  VPOS="0"
                  WIDTH="3794"
                  HEIGHT="2846">
        
        <TextBlock HPOS="436"
                   VPOS="227"
                   WIDTH="1440"
                   HEIGHT="1032"
                   ID="eSc_textblock_e9a4e52c"
                   TAGREFS="BT">
          <Shape><Polygon POINTS="1838 237 1876 540 1857 1107 1430 1202 977 1211 918 1259 804 1211 465 1183 436 996 465 955 484 275 1224 227"/></Shape>
          
          
          <TextLine ID="eSc_line_fed8a606"
                    
                    BASELINE="495 315 1269 298 1834 303" 
                    HPOS="484.0"
                    VPOS="203.0"
                    WIDTH="1350.0"
                    HEIGHT="136.0">
            <Shape><Polygon POINTS="495 315 484 244 510 220 510 218 510 218 512 218 512 218 512 218 514 218 514 218 517 218 609 218 609 218 609 218 612 218 612 218 612 218 647 237 661 246 673 237 690 222 690 222 692 222 692 222 692 222 695 222 695 222 697 222 697 222 697 222 699 222 740 234 768 244 785 234 790 230 792 230 792 230 792 230 794 230 794 230 797 230 797 230 797 230 799 230 799 230 799 230 801 230 806 232 837 256 915 256 982 232 984 232 984 232 984 232 987 232 987 232 987 232 989 232 1044 251 1100 225 1115 218 1115 218 1117 218 1117 218 1117 218 1119 218 1119 218 1122 218 1122 218 1122 218 1134 222 1183 251 1271 251 1326 218 1340 208 1342 208 1342 208 1342 208 1345 208 1345 208 1347 208 1378 208 1378 208 1378 208 1380 208 1380 208 1380 208 1383 208 1392 215 1447 246 1630 246 1734 206 1734 206 1736 206 1736 206 1736 206 1829 203 1834 303 1829 322 1589 310 1523 327 1511 329 1509 329 1509 329 1506 329 1506 329 1506 329 1504 329 1504 329 1501 329 1499 327 1473 313 1352 313 1276 329 1259 332 1259 332 1259 332 1257 332 1257 332 1240 329 1172 315 1138 332 1129 334 1129 334 1127 334 1127 334 1127 334 1124 334 1124 334 1122 334 1122 334 1122 334 1115 332 1086 317 1048 332 1041 334 1041 334 1039 334 1039 334 1036 334 1036 334 1036 334 1034 334 1034 334 1027 332 994 317 972 332 970 334 968 334 968 334 968 334 965 334 965 334 965 334 963 334 963 334 960 334 953 332 908 320 892 334 889 334 889 336 887 336 887 336 887 336 885 336 885 336 885 339 839 339 837 336 837 336 835 336 835 336 828 334 790 320 745 334 737 336 735 336 735 336 735 336 733 336 733 336 718 334 645 322 624 336 621 339 619 339 619 339 619 339 616 339 616 339 616 339 614 339 614 339 593 336 538 327 498 336"/></Shape>
	    <String CONTENT="passoyent ayans plusieurs meubles que aultrem[ent]"
                    HPOS="484.0"
                    VPOS="203.0"
                    WIDTH="1350.0"
                    HEIGHT="136.0"></String>
          </TextLine>

          
          
          <TextLine ID="eSc_line_416f7e87"
                    
                    BASELINE="486 377 1328 377 1829 391" 
                    HPOS="481.0"
                    VPOS="305.0"
                    WIDTH="1348.0"
                    HEIGHT="112.0">
            <Shape><Polygon POINTS="486 377 486 310 673 327 697 313 699 310 702 310 702 310 702 310 704 310 704 310 707 310 707 310 707 310 709 310 709 310 711 310 716 313 735 324 771 315 801 305 804 305 804 305 804 305 806 305 806 305 809 305 809 305 835 315 868 329 885 315 885 315 885 315 887 315 887 315 889 315 889 315 889 315 892 315 892 315 894 315 901 317 949 329 963 317 972 310 972 308 972 308 975 308 975 308 975 308 977 308 977 308 979 308 979 308 979 308 1041 320 1096 329 1124 320 1160 308 1162 308 1162 308 1162 308 1165 308 1165 308 1165 308 1167 308 1167 308 1167 308 1169 308 1188 322 1195 327 1200 322 1217 310 1219 310 1219 310 1219 310 1221 310 1221 310 1224 310 1428 310 1428 310 1428 310 1430 310 1430 310 1430 310 1433 310 1452 324 1504 310 1506 310 1506 310 1509 310 1509 310 1509 310 1511 310 1573 329 1596 334 1615 329 1644 322 1646 322 1646 322 1649 322 1649 322 1651 322 1651 322 1651 322 1668 329 1677 334 1824 334 1829 391 1824 417 1715 412 1715 412 1715 412 1713 412 1713 412 1713 412 1682 396 1603 417 1601 417 1599 417 1599 417 1596 417 1596 417 1596 417 1594 417 1594 417 1594 417 1592 417 1592 417 1592 417 1592 415 1573 396 1511 393 1475 415 1473 415 1473 415 1473 415 1471 415 1471 415 1471 415 1468 415 1468 415 1468 415 1338 398 1309 415 1307 415 1307 415 1307 415 1305 415 1305 415 1305 415 1302 415 1302 415 1300 415 1300 415 1300 415 1297 415 1262 393 1243 412 1243 415 1243 415 1243 415 1240 415 1240 415 1240 415 1238 415 1238 415 1238 417 1193 417 1191 415 1191 415 1188 415 1188 415 1188 415 1186 415 1186 415 1186 412 1186 412 1165 391 1084 391 1053 412 1051 412 1051 412 1051 412 1051 412 1048 412 1048 412 1048 415 1008 415 1006 412 1006 412 1003 412 1003 412 1003 412 1003 412 1001 412 1001 410 979 391 868 388 650 410 638 410 638 410 635 410 635 410 633 410 633 410 633 410 631 410 595 388 559 410 559 410 557 410 557 410 555 410 555 410 555 410 552 410 481 407"/></Shape>
	    <String CONTENT="jl ne scet declare que lon disoit estre par eulx"
                    HPOS="481.0"
                    VPOS="305.0"
                    WIDTH="1348.0"
                    HEIGHT="112.0"></String>
          </TextLine>

          
          
          <TextLine ID="eSc_line_3c956491"
                    
                    BASELINE="498 455 1822 471" 
                    HPOS="488.0"
                    VPOS="388.0"
                    WIDTH="1336.0"
                    HEIGHT="126.0">
            <Shape><Polygon POINTS="498 455 495 410 633 388 633 388 635 388 635 388 638 388 638 388 638 388 683 410 773 393 773 393 773 393 775 393 775 393 778 393 778 393 820 410 837 396 837 393 839 393 839 393 839 393 842 393 842 393 844 393 975 393 975 393 975 393 977 393 977 393 1029 415 1048 398 1048 396 1051 396 1051 396 1051 396 1053 396 1053 396 1055 396 1188 396 1188 396 1188 396 1191 396 1191 396 1250 419 1252 419 1252 419 1274 400 1274 400 1276 400 1276 400 1276 400 1278 400 1278 400 1281 400 1281 400 1281 400 1283 400 1283 400 1323 419 1326 419 1328 419 1404 403 1404 403 1404 403 1407 403 1407 403 1409 403 1409 403 1409 403 1447 422 1447 422 1447 422 1466 403 1466 400 1466 400 1468 400 1468 400 1468 400 1471 400 1471 400 1473 400 1516 400 1516 400 1516 400 1518 400 1518 400 1568 422 1568 424 1819 426 1822 471 1824 498 1796 514 1793 514 1793 514 1791 514 1791 514 1791 514 1789 514 1703 512 1703 512 1703 512 1701 512 1701 512 1698 512 1698 512 1698 509 1679 495 1677 493 1675 495 1646 514 1644 514 1644 514 1644 514 1641 514 1641 514 1641 514 1639 514 1639 514 1561 502 1444 512 1444 512 1442 512 1442 512 1440 512 1440 512 1440 512 1437 512 1437 512 1409 488 1409 488 1404 488 1312 509 1312 509 1312 509 1309 509 1309 509 1309 509 1307 509 1233 486 1219 481 1207 483 1188 490 1186 490 1186 490 1186 490 1183 490 1003 481 968 479 963 479 880 505 877 505 877 505 877 505 875 505 842 502 842 502 839 502 839 502 839 502 837 502 837 502 837 500 811 476 811 476 778 476 742 476 685 500 685 500 683 500 683 500 683 500 680 500 680 500 609 488 586 500 586 500 586 500 583 500 583 500 583 500 581 500 538 498 538 498 536 498 536 498 536 498 533 498 488 469"/></Shape>
	    <String CONTENT="apportez du[dict] lieu de chauigny Mais nen"
                    HPOS="488.0"
                    VPOS="388.0"
                    WIDTH="1336.0"
                    HEIGHT="126.0"></String>
          </TextLine>

          
          
          <TextLine ID="eSc_line_e45decf4"
                    
                    BASELINE="488 535 1850 562" 
                    HPOS="486.0"
                    VPOS="474.0"
                    WIDTH="1364.0"
                    HEIGHT="133.0">
            <Shape><Polygon POINTS="488 535 491 479 545 493 559 483 562 483 562 483 562 483 564 483 564 483 567 483 567 483 567 483 621 495 650 481 650 481 650 481 650 481 652 481 652 481 652 481 654 481 654 481 659 481 756 498 797 483 820 474 820 474 823 474 823 474 825 474 825 474 825 474 828 474 828 474 830 474 830 474 842 483 863 500 889 486 889 486 889 486 892 486 892 486 892 486 894 486 894 486 894 486 894 486 896 486 946 500 1003 486 1010 486 1010 486 1010 486 1013 486 1013 486 1013 486 1015 486 1015 486 1017 486 1017 486 1017 486 1017 486 1034 500 1081 488 1112 481 1112 481 1112 481 1115 481 1233 481 1233 481 1233 481 1236 481 1236 481 1236 481 1255 490 1283 507 1378 493 1430 486 1430 486 1433 486 1433 486 1433 486 1435 486 1435 486 1435 486 1452 495 1487 512 1845 502 1850 562 1848 581 1751 581 1717 597 1717 597 1717 597 1715 597 1715 597 1715 597 1713 597 1713 597 1713 597 1710 597 1710 597 1708 597 1708 597 1708 595 1689 578 1606 607 1603 607 1603 607 1603 607 1601 607 1354 602 1354 602 1354 602 1352 602 1352 602 1350 602 1300 571 1297 571 1267 571 1267 571 1238 595 1238 597 1238 597 1236 597 1236 597 1236 597 1233 597 1233 597 1233 600 1169 600 1167 597 1167 597 1165 597 1165 597 1165 597 1162 597 1162 597 1162 595 1138 573 1086 566 1067 566 998 566 996 566 960 592 958 592 958 592 958 592 956 592 956 592 956 595 870 595 868 592 868 592 866 592 866 592 866 592 863 592 825 564 823 564 818 564 666 571 664 571 664 571 661 571 616 559 602 557 597 559 571 576 569 576 569 576 567 576 567 576 567 576 564 576 564 576 562 576 562 576 562 576 559 576 533 559 529 557 486 557"/></Shape>
	    <String CONTENT="congneut aultre que ceulx dont cy dessus a parle"
                    HPOS="486.0"
                    VPOS="474.0"
                    WIDTH="1364.0"
                    HEIGHT="133.0"></String>
          </TextLine>

          
          
          <TextLine ID="eSc_line_0732f2fd"
                    
                    BASELINE="486 640 1426 661 1864 685" 
                    HPOS="479.0"
                    VPOS="640.0"
                    WIDTH="1385.0"
                    HEIGHT="78.0">
            <Shape><Polygon POINTS="486 640 486 649 1862 654 1864 685 1862 718 1789 718 1786 716 1786 716 1784 716 1784 716 1784 716 1781 716 1779 713 1741 687 1677 687 1653 706 1653 706 1651 706 1651 706 1651 706 1649 706 1649 706 1649 706 1646 706 1646 706 1646 706 1646 706 1644 706 1644 706 1641 706 1603 685 1537 685 1480 699 1473 702 1471 702 1471 702 1468 702 1468 702 1468 702 1466 702 1466 702 1463 702 1463 702 1463 699 1461 699 1440 678 1361 678 1331 687 1328 687 1328 687 1328 687 1326 687 1326 687 1224 675 1207 687 1205 690 1205 690 1202 690 1202 690 1202 690 1200 690 1200 690 1198 690 1198 690 1198 690 1195 690 1183 687 1146 673 1129 683 1112 694 1110 694 1110 694 1110 694 1108 694 1108 694 1108 697 1055 697 1053 694 1053 694 1051 694 1051 694 1051 694 1048 694 1048 694 1048 692 1032 680 1025 671 1013 678 991 692 989 692 989 692 989 692 987 692 987 692 984 692 870 690 870 690 870 690 868 690 868 690 818 671 804 664 792 668 759 685 759 685 759 685 756 685 756 685 754 685 754 685 754 685 752 685 752 685 752 685 716 666 699 683 699 685 699 685 697 685 697 685 697 685 695 685 695 685 692 685 531 680 531 680 531 680 529 680 529 680 529 680 479 654"/></Shape>
	    <String CONTENT="et le seigneur de gremonville appelle cormoroy"
                    HPOS="479.0"
                    VPOS="640.0"
                    WIDTH="1385.0"
                    HEIGHT="78.0"></String>
          </TextLine>

          
          
          <TextLine ID="eSc_line_09612ef2"
                    
                    BASELINE="488 739 1547 756 1824 773" 
                    HPOS="486.0"
                    VPOS="673.0"
                    WIDTH="1338.0"
                    HEIGHT="138.0">
            <Shape><Polygon POINTS="488 739 486 687 659 673 661 673 661 673 661 673 775 692 806 697 823 694 875 678 877 678 877 678 880 678 880 678 1039 697 1070 702 1074 699 1096 683 1096 683 1098 683 1098 683 1098 683 1100 683 1100 683 1103 683 1174 683 1174 683 1174 683 1176 683 1176 683 1229 702 1231 702 1231 702 1297 685 1300 685 1300 685 1302 685 1302 685 1302 685 1305 685 1359 704 1366 706 1383 706 1523 690 1523 690 1525 690 1525 690 1528 690 1528 690 1528 690 1566 709 1568 711 1573 709 1587 702 1587 702 1587 702 1589 702 1589 702 1589 702 1592 702 1824 716 1824 773 1822 811 1713 811 1710 808 1710 808 1708 808 1708 808 1708 808 1705 808 1705 808 1705 808 1705 806 1705 806 1687 787 1620 794 1620 794 1618 794 1618 794 1618 794 1615 794 1558 775 1328 801 1314 801 1314 801 1312 801 1312 801 1309 801 1309 801 1309 801 1307 801 1307 801 1307 801 1271 770 1238 785 1238 785 1236 785 1236 785 1236 785 1233 785 1233 785 1233 785 1231 785 1231 785 1229 785 1229 785 1229 785 1212 768 1181 768 1167 780 1167 782 1167 782 1165 782 1165 782 1165 782 1162 782 1162 782 1162 782 1160 782 1160 782 1046 766 1010 766 982 789 982 789 979 789 979 789 979 789 977 789 977 789 975 789 975 789 975 789 972 789 972 789 949 780 847 792 839 792 839 792 837 792 837 792 835 792 835 792 835 792 832 792 832 792 832 792 792 761 697 766 678 782 678 785 678 785 676 785 676 785 673 785 673 785 673 785 671 785 671 785 671 785 669 785 669 785 666 785 666 785 666 782 650 768 626 785 624 785 624 785 624 785 621 785 621 785 619 785 619 785 619 785 616 785 616 785 616 785 569 758 488 785"/></Shape>
	    <String CONTENT="quil veid aussi aux [...] ayant [...]"
                    HPOS="486.0"
                    VPOS="673.0"
                    WIDTH="1338.0"
                    HEIGHT="138.0"></String>
          </TextLine>

          
          
          <TextLine ID="eSc_line_406e808b"
                    
                    BASELINE="474 846 1264 851 1862 870" 
                    HPOS="472.0"
                    VPOS="780.0"
                    WIDTH="1392.0"
                    HEIGHT="121.0">
            <Shape><Polygon POINTS="474 846 474 780 543 780 543 780 543 780 545 780 545 780 545 780 548 780 548 782 548 782 569 801 778 803 863 792 908 785 908 785 911 785 1179 789 1179 789 1179 789 1181 789 1181 789 1183 789 1183 789 1198 801 1207 808 1214 801 1229 792 1231 792 1231 792 1231 792 1233 792 1233 792 1233 792 1236 792 1236 792 1238 792 1238 792 1238 792 1264 803 1264 803 1264 803 1302 792 1305 792 1305 792 1305 792 1307 792 1307 792 1309 792 1309 792 1309 792 1312 792 1331 806 1335 808 1342 806 1376 794 1378 794 1378 794 1378 794 1380 794 1380 794 1380 794 1444 808 1461 813 1471 811 1516 794 1516 794 1518 794 1518 794 1520 794 1520 794 1520 794 1599 808 1625 796 1625 796 1625 796 1627 796 1627 796 1630 796 1630 796 1630 796 1632 796 1632 796 1632 796 1634 796 1634 796 1656 815 1803 818 1827 806 1827 806 1827 806 1829 806 1829 806 1831 806 1831 806 1831 806 1834 806 1834 806 1836 806 1864 822 1862 870 1860 901 1791 901 1789 898 1789 898 1786 898 1786 898 1786 898 1741 879 1613 896 1603 896 1603 896 1601 896 1601 896 1599 896 1599 896 1596 896 1532 872 1459 894 1456 894 1454 894 1454 894 1452 894 1452 894 1452 894 1449 894 1447 894 1371 870 1338 870 1312 891 1312 891 1312 891 1309 891 1309 891 1309 891 1307 891 1307 891 1307 894 1305 891 1305 891 1302 891 1302 891 1302 891 1300 891 1300 891 1300 891 1274 868 1084 865 1041 879 1041 879 1039 879 1039 879 1036 879 1036 879 1036 879 956 865 913 884 913 884 913 884 911 884 911 884 911 884 908 884 896 884 771 877 771 877 771 877 768 877 768 877 730 860 697 860 671 882 671 882 671 882 669 882 669 882 669 882 666 882 666 882 664 882 602 879 602 879 602 879 600 879 600 879 600 879 597 879 597 879 576 863 472 877"/></Shape>
	    <String CONTENT="blanche et presta ledict cormoroy au gent aud[ict]"
                    HPOS="472.0"
                    VPOS="780.0"
                    WIDTH="1392.0"
                    HEIGHT="121.0"></String>
          </TextLine>

          
          
          <TextLine ID="eSc_line_6d3ec6e5"
                    
                    BASELINE="472 941 1229 948 1822 974" 
                    HPOS="467.0"
                    VPOS="865.0"
                    WIDTH="1355.0"
                    HEIGHT="145.0">
            <Shape><Polygon POINTS="472 941 467 877 498 865 498 865 500 865 500 865 503 865 503 865 505 865 505 865 505 865 533 879 569 896 633 882 671 875 671 875 671 875 673 875 673 875 673 875 676 875 676 875 697 884 730 898 756 887 764 884 764 884 766 884 766 884 766 884 768 884 768 884 771 884 771 884 771 884 773 884 773 884 775 887 794 901 880 891 885 891 885 891 887 891 887 891 889 891 889 891 889 891 889 891 892 891 892 891 906 903 960 894 1058 877 1058 877 1060 877 1060 877 1060 877 1062 877 1062 877 1065 877 1065 877 1091 898 1100 905 1108 898 1117 891 1119 891 1119 891 1119 891 1122 891 1122 891 1122 891 1124 891 1124 891 1127 891 1127 891 1127 891 1146 901 1148 901 1153 901 1231 884 1231 884 1231 884 1233 884 1233 884 1236 884 1236 884 1236 884 1238 884 1257 896 1397 884 1397 884 1399 884 1399 884 1525 903 1528 903 1528 903 1528 903 1530 903 1530 903 1530 905 1539 913 1544 920 1670 920 1675 917 1708 905 1708 905 1710 905 1710 905 1713 905 1713 905 1713 905 1715 905 1715 905 1715 905 1717 905 1717 908 1734 920 1736 924 1822 924 1822 974 1817 1010 1705 993 1639 1005 1618 1007 1618 1007 1615 1007 1615 1007 1615 1007 1613 1007 1599 1003 1549 986 1501 1000 1490 1003 1487 1003 1487 1003 1487 1003 1485 1003 1485 1003 1482 1003 1466 998 1397 981 1342 993 1312 1000 1312 1000 1312 1000 1309 1000 1309 1000 1307 1000 1307 1000 1307 1000 1305 1000 1293 993 1264 974 1191 974 1074 984 982 993 982 993 979 993 979 993 977 993 977 993 944 981 920 972 889 979 839 988 839 988 839 988 837 988 837 988 835 988 835 988 797 974 766 965 716 965 704 972 685 986 685 986 683 986 683 986 683 986 680 986 680 986 678 986 559 984 559 984 559 984 557 984 557 984 555 984 526 965 517 960 469 962"/></Shape>
	    <String CONTENT="depposant pour payer la rancon de ses enfans"
                    HPOS="467.0"
                    VPOS="865.0"
                    WIDTH="1355.0"
                    HEIGHT="145.0"></String>
          </TextLine>

          
          
          <TextLine ID="eSc_line_0b6bdd4c"
                    
                    BASELINE="472 1055 1371 1055 1672 1074" 
                    HPOS="469.0"
                    VPOS="986.0"
                    WIDTH="1203.0"
                    HEIGHT="114.0">
            <Shape><Polygon POINTS="472 1055 469 1003 756 986 759 986 759 986 759 986 761 986 761 986 764 986 764 986 764 986 778 1000 813 988 816 988 816 988 816 988 818 988 818 988 820 988 870 1003 922 986 925 986 925 986 925 986 927 986 927 986 927 986 930 986 987 1005 989 1005 994 1005 1025 993 1025 993 1027 993 1027 993 1029 993 1029 993 1029 993 1032 993 1070 1005 1072 1005 1086 1005 1286 993 1288 993 1288 993 1288 993 1290 993 1290 993 1293 993 1312 1005 1459 991 1459 991 1461 991 1461 991 1463 991 1463 991 1463 991 1466 991 1466 991 1466 993 1482 1007 1482 1007 1485 1007 1587 993 1587 993 1589 993 1589 993 1589 993 1592 993 1592 993 1592 993 1594 993 1594 993 1594 996 1608 1007 1608 1010 1670 1010 1672 1074 1670 1088 1563 1100 1563 1100 1561 1100 1561 1100 1558 1100 1558 1100 1535 1090 1516 1081 1504 1090 1492 1100 1492 1100 1490 1100 1490 1100 1487 1100 1487 1100 1487 1100 1485 1100 1485 1100 1485 1100 1482 1100 1482 1100 1480 1100 1480 1100 1480 1098 1471 1090 1459 1079 1288 1079 1276 1088 1276 1090 1276 1090 1274 1090 1274 1090 1274 1090 1274 1090 1271 1090 1271 1090 1271 1090 1008 1098 1006 1098 1006 1098 963 1093 861 1076 844 1093 842 1093 842 1095 842 1095 839 1095 839 1095 839 1095 837 1095 837 1095 837 1098 635 1098 633 1095 633 1095 631 1095 621 1093 545 1074 472 1093"/></Shape>
	    <String CONTENT="que le[dict] delareligion auoyent prins et est a"
                    HPOS="469.0"
                    VPOS="986.0"
                    WIDTH="1203.0"
                    HEIGHT="114.0"></String>
          </TextLine>

          
          
          <TextLine ID="eSc_line_dee23994"
                    
                    BASELINE="1722 1086 1824 1086" 
                    HPOS="1720.0"
                    VPOS="1000.0"
                    WIDTH="104.0"
                    HEIGHT="143.0">
            <Shape><Polygon POINTS="1722 1086 1720 1022 1822 1000 1824 1086 1824 1138 1722 1143"/></Shape>
	    <String CONTENT="quil"
                    HPOS="1720.0"
                    VPOS="1000.0"
                    WIDTH="104.0"
                    HEIGHT="143.0"></String>
          </TextLine>

          
          
          <TextLine ID="eSc_line_ba9bf420"
                    
                    BASELINE="469 1155 1461 1164" 
                    HPOS="465.0"
                    VPOS="1086.0"
                    WIDTH="996.0"
                    HEIGHT="121.0">
            <Shape><Polygon POINTS="469 1155 467 1098 517 1086 517 1086 517 1086 519 1086 519 1086 522 1086 522 1086 522 1086 545 1098 555 1105 643 1105 671 1100 764 1088 764 1088 766 1088 766 1088 766 1088 768 1088 768 1088 799 1102 801 1102 801 1102 813 1090 813 1088 813 1088 816 1088 816 1088 816 1088 818 1088 818 1088 820 1088 885 1088 885 1088 1010 1105 1032 1107 1034 1105 1048 1093 1048 1090 1048 1090 1051 1090 1051 1090 1051 1090 1053 1090 1053 1090 1055 1090 1105 1090 1105 1090 1105 1090 1108 1090 1160 1107 1162 1107 1165 1107 1207 1090 1207 1090 1210 1090 1210 1090 1212 1090 1212 1090 1212 1090 1214 1090 1214 1090 1255 1107 1309 1093 1312 1093 1312 1093 1314 1093 1314 1093 1314 1093 1316 1093 1316 1093 1352 1109 1354 1109 1357 1109 1414 1098 1414 1098 1414 1098 1416 1098 1416 1098 1416 1098 1418 1098 1461 1112 1461 1164 1456 1192 1364 1185 1354 1192 1340 1204 1340 1204 1338 1204 1338 1204 1338 1204 1335 1204 1335 1204 1335 1207 1221 1207 1219 1204 1219 1204 1146 1188 1127 1183 1122 1188 1105 1200 1105 1202 1103 1202 1103 1202 1103 1202 1100 1202 1100 1202 1100 1204 1020 1204 1017 1202 1017 1202 1015 1202 1015 1202 972 1185 963 1181 844 1181 839 1183 820 1195 818 1195 818 1195 818 1195 816 1195 816 1195 813 1195 813 1195 813 1195 811 1195 811 1195 811 1195 809 1195 809 1195 794 1181 792 1181 792 1181 735 1195 733 1195 733 1195 730 1195 730 1195 728 1195 728 1195 688 1178 685 1178 683 1178 654 1197 652 1197 652 1197 652 1197 650 1197 650 1197 650 1200 543 1200 540 1197 540 1197 538 1197 538 1197 538 1197 536 1197 536 1197 510 1176 465 1173"/></Shape>
	    <String CONTENT="depposent et adict ne scavoir signier"
                    HPOS="465.0"
                    VPOS="1086.0"
                    WIDTH="996.0"
                    HEIGHT="121.0"></String>
          </TextLine>

          
        </TextBlock>
        
        <TextBlock HPOS="199"
                   VPOS="1299"
                   WIDTH="1658"
                   HEIGHT="1127"
                   ID="eSc_textblock_931c07ee"
                   TAGREFS="BT">
          <Shape><Polygon POINTS="937 1299 1006 1356 1791 1394 1857 1432 1857 2245 1810 2378 1613 2426 984 2350 474 2359 474 1489 208 1477 199 1404 529 1404 645 1318 844 1299"/></Shape>
          
          
          <TextLine ID="eSc_line_fde34976"
                    
                    BASELINE="196 1458 438 1449" 
                    HPOS="187.0"
                    VPOS="1361.0"
                    WIDTH="251.0"
                    HEIGHT="135.0">
            <Shape><Polygon POINTS="196 1458 187 1363 253 1361 256 1361 256 1361 258 1361 258 1361 258 1361 282 1373 301 1382 313 1377 341 1366 341 1366 344 1366 344 1366 344 1366 346 1366 346 1366 348 1366 348 1366 348 1366 351 1366 351 1366 372 1385 384 1392 431 1392 438 1449 438 1463 196 1496"/></Shape>
	    <String CONTENT="2[nd] témoin"
                    HPOS="187.0"
                    VPOS="1361.0"
                    WIDTH="251.0"
                    HEIGHT="135.0"></String>
          </TextLine>

          
          
          <TextLine ID="eSc_line_b6f125f5"
                    
                    BASELINE="576 1465 1713 1458 1829 1470" 
                    HPOS="571.0"
                    VPOS="1311.0"
                    WIDTH="1258.0"
                    HEIGHT="197.0">
            <Shape><Polygon POINTS="576 1465 571 1325 937 1311 939 1311 941 1311 944 1311 998 1347 1025 1363 1041 1349 1048 1342 1051 1342 1053 1342 1055 1342 1112 1351 1165 1361 1176 1356 1210 1337 1212 1337 1214 1337 1217 1337 1219 1337 1233 1349 1252 1342 1255 1342 1257 1342 1259 1342 1262 1342 1290 1361 1333 1389 1456 1377 1459 1377 1651 1387 1675 1380 1698 1373 1701 1373 1703 1373 1827 1389 1829 1470 1827 1489 1767 1498 1765 1498 1762 1498 1760 1498 1746 1489 1717 1475 1582 1475 1568 1487 1566 1487 1563 1487 1561 1487 1558 1487 1513 1475 1494 1489 1482 1501 1480 1501 1478 1501 1385 1503 1383 1503 1380 1503 1338 1489 1326 1487 1321 1489 1302 1503 1300 1503 1297 1503 1295 1503 1193 1489 1093 1477 1058 1489 1025 1503 1022 1503 1020 1503 951 1489 941 1489 939 1489 918 1506 915 1506 913 1506 913 1508 816 1508 813 1506 811 1506 780 1489 764 1479 752 1489 747 1494 745 1494 742 1494 740 1494 737 1494 723 1489 688 1479 659 1489 631 1501 628 1501 626 1501 574 1489"/></Shape>
	    <String CONTENT="Noble homme Jacques de la valee"
                    HPOS="571.0"
                    VPOS="1311.0"
                    WIDTH="1258.0"
                    HEIGHT="197.0"></String>
          </TextLine>

          
          
          <TextLine ID="eSc_line_6c7ec85f"
                    
                    BASELINE="481 1567 1687 1560 1845 1570" 
                    HPOS="472.0"
                    VPOS="1494.0"
                    WIDTH="1378.0"
                    HEIGHT="111.0">
            <Shape><Polygon POINTS="481 1567 472 1520 529 1501 531 1501 531 1501 531 1501 533 1501 533 1501 536 1501 536 1501 581 1517 621 1498 621 1498 621 1498 624 1498 624 1498 626 1498 723 1498 723 1498 723 1498 726 1498 726 1498 726 1498 728 1498 728 1498 752 1517 752 1520 847 1520 849 1517 863 1506 863 1506 866 1506 866 1506 868 1506 868 1506 868 1506 870 1506 870 1506 870 1506 873 1506 873 1506 875 1506 875 1506 889 1517 892 1517 1029 1517 1103 1517 1124 1498 1124 1496 1127 1496 1127 1496 1127 1496 1129 1496 1129 1496 1131 1496 1205 1496 1205 1496 1205 1496 1207 1496 1207 1496 1207 1496 1210 1496 1210 1496 1224 1510 1248 1498 1248 1498 1248 1498 1250 1498 1250 1498 1252 1498 1252 1498 1252 1498 1255 1498 1312 1515 1399 1496 1399 1496 1399 1496 1402 1496 1402 1496 1404 1496 1471 1513 1509 1494 1509 1494 1509 1494 1511 1494 1511 1494 1513 1494 1513 1494 1620 1506 1722 1494 1722 1494 1724 1494 1724 1494 1727 1494 1727 1494 1727 1494 1729 1494 1729 1494 1748 1510 1770 1498 1770 1498 1770 1498 1772 1498 1772 1498 1774 1498 1774 1498 1774 1498 1843 1515 1845 1570 1850 1581 1834 1598 1834 1600 1834 1600 1831 1600 1831 1600 1831 1600 1829 1600 1829 1600 1829 1603 1497 1603 1494 1600 1494 1600 1492 1600 1492 1600 1492 1600 1490 1600 1490 1600 1475 1589 1466 1581 1435 1589 1366 1603 1366 1603 1366 1603 1364 1603 1364 1603 1361 1603 1361 1603 1361 1603 1359 1603 1359 1603 1359 1600 1347 1589 1338 1581 1162 1581 1136 1593 1134 1593 1134 1593 1131 1593 1131 1593 1131 1593 1129 1593 1110 1593 982 1581 960 1596 951 1603 951 1603 949 1603 949 1603 946 1603 946 1603 946 1603 944 1603 944 1603 944 1603 941 1603 941 1603 922 1596 906 1589 885 1596 858 1605 856 1605 856 1605 856 1605 854 1605 854 1605 851 1605 820 1596 799 1591 792 1598 787 1600 787 1603 787 1603 785 1603 785 1603 785 1603 783 1603 783 1603 783 1603 652 1605 650 1605 650 1605 647 1605 647 1605 647 1605 633 1600 602 1584 583 1600 578 1605 578 1605 576 1605 576 1605 576 1605 574 1605 574 1605 574 1605 571 1605 479 1600"/></Shape>
	    <String CONTENT="ecuyer seigneur du pont et dela marche en beausse"
                    HPOS="472.0"
                    VPOS="1494.0"
                    WIDTH="1378.0"
                    HEIGHT="111.0"></String>
          </TextLine>

          
          
          <TextLine ID="eSc_line_99016f04"
                    
                    BASELINE="474 1657 1843 1638" 
                    HPOS="462.0"
                    VPOS="1574.0"
                    WIDTH="1381.0"
                    HEIGHT="116.0">
            <Shape><Polygon POINTS="474 1657 462 1600 484 1584 484 1584 486 1584 486 1584 486 1584 488 1584 488 1584 491 1584 491 1584 616 1598 678 1605 688 1598 695 1591 695 1589 695 1589 697 1589 697 1589 697 1589 699 1589 699 1589 702 1589 702 1589 702 1589 704 1589 704 1589 723 1596 733 1600 740 1596 761 1581 764 1581 764 1581 764 1581 766 1581 766 1581 766 1581 901 1579 904 1579 904 1579 906 1579 906 1579 906 1579 908 1579 908 1579 908 1581 920 1593 925 1596 934 1593 984 1577 987 1577 987 1577 987 1577 1143 1574 1146 1574 1198 1574 1198 1574 1198 1574 1200 1574 1200 1574 1200 1574 1202 1574 1202 1574 1217 1586 1226 1593 1233 1586 1236 1586 1236 1584 1236 1584 1238 1584 1238 1584 1238 1584 1240 1584 1240 1584 1243 1584 1243 1584 1243 1584 1245 1584 1245 1584 1252 1586 1274 1596 1603 1596 1651 1579 1651 1579 1653 1579 1653 1579 1653 1579 1656 1579 1660 1579 1810 1591 1831 1574 1843 1638 1843 1655 1760 1655 1755 1655 1672 1679 1670 1679 1670 1679 1670 1679 1668 1679 1426 1660 1416 1660 1411 1660 1331 1683 1328 1683 1328 1683 1328 1683 1326 1683 1326 1683 1323 1683 1264 1669 1195 1683 1195 1683 1195 1683 1193 1683 1193 1683 1191 1683 1191 1683 1191 1683 1188 1683 1188 1683 1165 1662 1165 1662 1162 1662 1098 1686 1098 1686 1096 1686 1096 1686 1093 1686 1093 1686 1093 1686 1091 1686 1091 1686 1091 1686 1053 1664 1051 1664 1044 1664 963 1676 963 1676 960 1676 960 1676 858 1667 842 1667 837 1667 783 1690 783 1690 780 1690 780 1690 780 1690 778 1690 472 1672"/></Shape>
	    <String CONTENT="demourant audict lieu dupont pres pliuy"
                    HPOS="462.0"
                    VPOS="1574.0"
                    WIDTH="1381.0"
                    HEIGHT="116.0"></String>
          </TextLine>

          
          
          <TextLine ID="eSc_line_0df9c8dd"
                    
                    BASELINE="1383 1688 1487 1688" 
                    HPOS="1380.0"
                    VPOS="1643.0"
                    WIDTH="107.0"
                    HEIGHT="62.0">
            <Shape><Polygon POINTS="1383 1688 1380 1648 1485 1643 1487 1688 1487 1698 1383 1705"/></Shape>
	    <String CONTENT="(...)"
                    HPOS="1380.0"
                    VPOS="1643.0"
                    WIDTH="107.0"
                    HEIGHT="62.0"></String>
          </TextLine>

          
          
          <TextLine ID="eSc_line_a5fc2ffd"
                    
                    BASELINE="474 1747 1789 1738" 
                    HPOS="474.0"
                    VPOS="1674.0"
                    WIDTH="1315.0"
                    HEIGHT="88.0">
            <Shape><Polygon POINTS="474 1747 474 1683 500 1698 664 1698 688 1683 695 1681 695 1681 695 1681 697 1681 697 1681 699 1681 699 1681 699 1681 718 1683 754 1693 778 1686 794 1679 794 1679 797 1679 797 1679 799 1679 799 1679 799 1679 830 1686 854 1690 866 1686 880 1679 880 1679 880 1679 882 1679 882 1679 885 1679 1079 1686 1202 1690 1217 1686 1248 1676 1250 1676 1250 1676 1250 1676 1252 1676 1397 1688 1442 1690 1447 1688 1461 1676 1461 1674 1461 1674 1463 1674 1463 1674 1466 1674 1466 1674 1466 1674 1468 1674 1468 1674 1471 1674 1471 1674 1509 1688 1511 1688 1513 1688 1566 1674 1568 1674 1568 1674 1570 1674 1570 1674 1570 1674 1573 1674 1615 1688 1618 1690 1784 1690 1789 1738 1786 1755 474 1762"/></Shape>
	    <String CONTENT="darmes dela compaignye du seigneur dela riviere"
                    HPOS="474.0"
                    VPOS="1674.0"
                    WIDTH="1315.0"
                    HEIGHT="88.0"></String>
          </TextLine>

          
          
          <TextLine ID="eSc_line_0d9418b7"
                    
                    BASELINE="476 1828 1800 1840" 
                    HPOS="472.0"
                    VPOS="1762.0"
                    WIDTH="1328.0"
                    HEIGHT="113.0">
            <Shape><Polygon POINTS="476 1828 476 1781 536 1781 543 1778 590 1762 590 1762 593 1762 593 1762 595 1762 740 1762 740 1762 740 1762 742 1762 742 1762 742 1762 745 1762 771 1778 778 1783 783 1778 799 1769 801 1769 801 1769 804 1769 804 1769 804 1769 806 1769 806 1769 806 1769 809 1769 839 1778 854 1783 866 1778 899 1764 899 1764 901 1764 901 1764 901 1764 904 1764 904 1764 906 1764 906 1764 944 1778 953 1783 963 1778 989 1764 989 1764 989 1764 991 1764 991 1764 991 1764 994 1764 1051 1766 1051 1766 1051 1766 1053 1766 1053 1766 1055 1766 1055 1766 1070 1778 1079 1785 1115 1778 1155 1771 1155 1771 1155 1771 1157 1771 1157 1771 1160 1771 1160 1771 1160 1771 1162 1771 1172 1778 1186 1788 1326 1788 1437 1778 1497 1774 1497 1774 1499 1774 1499 1774 1501 1774 1501 1774 1501 1774 1511 1778 1537 1792 1755 1792 1796 1778 1800 1840 1798 1875 1670 1875 1668 1873 1668 1873 1665 1873 1665 1873 1665 1873 1663 1873 1663 1873 1663 1871 1663 1871 1646 1854 1606 1871 1599 1873 1599 1873 1596 1873 1596 1873 1594 1873 1594 1873 1594 1873 1592 1873 1592 1873 1592 1873 1589 1873 1589 1873 1587 1871 1566 1854 1456 1866 1418 1871 1418 1871 1416 1871 1416 1871 1414 1871 1414 1871 1399 1866 1359 1849 1250 1845 984 1845 960 1857 941 1866 941 1866 941 1866 939 1866 939 1866 939 1868 856 1868 854 1866 854 1866 851 1866 851 1866 820 1854 797 1845 747 1852 723 1854 723 1854 721 1854 721 1854 718 1854 718 1854 718 1854 711 1852 695 1842 683 1849 664 1864 661 1864 661 1864 661 1864 659 1864 659 1864 657 1864 657 1864 472 1845"/></Shape>
	    <String CONTENT="aage de vingt huit ans ou environ tesmoing"
                    HPOS="472.0"
                    VPOS="1762.0"
                    WIDTH="1328.0"
                    HEIGHT="113.0"></String>
          </TextLine>

          
          
          <TextLine ID="eSc_line_78aaf68c"
                    
                    BASELINE="1601 1788 1703 1785" 
                    HPOS="1596.0"
                    VPOS="1733.0"
                    WIDTH="107.0"
                    HEIGHT="69.0">
            <Shape><Polygon POINTS="1601 1788 1596 1740 1696 1733 1703 1785 1698 1802 1599 1795"/></Shape>
	    <String CONTENT="(...)"
                    HPOS="1596.0"
                    VPOS="1733.0"
                    WIDTH="107.0"
                    HEIGHT="69.0"></String>
          </TextLine>

          
          
          <TextLine ID="eSc_line_5f363037"
                    
                    BASELINE="1734 1785 1784 1781" 
                    HPOS="1727.0"
                    VPOS="1733.0"
                    WIDTH="57.0"
                    HEIGHT="71.0">
            <Shape><Polygon POINTS="1734 1785 1727 1736 1777 1733 1784 1781 1784 1800 1734 1804"/></Shape>
	    <String CONTENT="(...)"
                    HPOS="1727.0"
                    VPOS="1733.0"
                    WIDTH="57.0"
                    HEIGHT="71.0"></String>
          </TextLine>

          
          
          <TextLine ID="eSc_line_c2df262e"
                    
                    BASELINE="479 1921 1810 1935" 
                    HPOS="474.0"
                    VPOS="1854.0"
                    WIDTH="1336.0"
                    HEIGHT="112.0">
            <Shape><Polygon POINTS="479 1921 476 1861 650 1854 652 1854 652 1854 652 1854 654 1854 654 1854 657 1854 673 1864 692 1875 749 1866 783 1861 783 1861 785 1861 785 1861 785 1861 787 1861 787 1861 790 1861 797 1866 818 1880 882 1880 913 1868 951 1859 953 1859 953 1859 953 1859 956 1859 956 1859 958 1859 958 1859 958 1859 984 1871 1003 1880 1103 1873 1269 1861 1271 1861 1271 1861 1274 1861 1340 1878 1366 1885 1383 1880 1407 1871 1407 1871 1409 1871 1409 1871 1411 1871 1411 1871 1411 1871 1414 1871 1414 1871 1414 1871 1435 1880 1444 1887 1570 1887 1573 1883 1594 1866 1594 1866 1596 1866 1596 1866 1596 1866 1599 1866 1599 1866 1601 1866 1691 1866 1691 1866 1691 1866 1694 1866 1694 1866 1694 1866 1696 1866 1696 1866 1722 1887 1724 1890 1808 1890 1810 1935 1808 1947 1656 1947 1653 1947 1634 1958 1632 1958 1632 1958 1632 1958 1630 1958 1630 1958 1627 1958 1627 1958 1627 1958 1625 1958 1625 1958 1596 1947 1596 1947 1596 1947 1568 1966 1566 1966 1566 1966 1566 1966 1563 1966 1563 1966 1561 1966 1561 1966 1418 1949 1366 1942 1359 1949 1347 1958 1347 1961 1347 1961 1345 1961 1345 1961 1345 1961 1342 1961 1342 1961 1340 1961 1340 1961 1340 1961 1338 1961 1338 1961 1312 1949 1305 1947 1293 1949 1238 1963 1236 1963 1236 1963 1233 1963 1233 1963 1148 1949 1077 1940 1001 1951 994 1951 994 1951 991 1951 991 1951 989 1951 987 1951 951 1942 925 1951 908 1958 908 1958 906 1958 906 1958 906 1961 837 1961 835 1958 835 1958 832 1958 832 1958 832 1958 830 1958 820 1951 804 1942 737 1954 702 1958 702 1958 699 1958 699 1958 699 1958 697 1958 697 1958 695 1958 688 1954 654 1935 588 1935 552 1954 550 1956 548 1956 548 1956 545 1956 545 1956 545 1956 543 1956 474 1954"/></Shape>
	    <String CONTENT="produict jure oy et examine comme  le precedent"
                    HPOS="474.0"
                    VPOS="1854.0"
                    WIDTH="1336.0"
                    HEIGHT="112.0"></String>
          </TextLine>

          
          
          <TextLine ID="eSc_line_420d28dd"
                    
                    BASELINE="481 2027 1361 2023 1827 2034" 
                    HPOS="474.0"
                    VPOS="1961.0"
                    WIDTH="1353.0"
                    HEIGHT="111.0">
            <Shape><Polygon POINTS="481 2027 476 1980 576 1961 576 1961 576 1961 578 1961 578 1961 676 1977 680 1977 979 1977 979 1975 996 1961 996 1961 996 1961 998 1961 998 1961 1001 1961 1001 1961 1001 1961 1003 1961 1003 1961 1003 1961 1006 1961 1006 1961 1008 1961 1008 1961 1027 1975 1029 1977 1029 1975 1048 1961 1048 1961 1051 1961 1051 1961 1053 1961 1053 1961 1053 1961 1055 1961 1055 1961 1058 1961 1058 1961 1093 1975 1100 1977 1131 1975 1276 1961 1278 1961 1350 1961 1350 1961 1350 1961 1352 1961 1352 1961 1352 1961 1378 1975 1385 1977 1395 1973 1430 1961 1430 1961 1433 1961 1433 1961 1435 1961 1435 1961 1435 1961 1492 1973 1516 1977 1637 1977 1644 1973 1660 1961 1663 1961 1663 1961 1663 1961 1665 1961 1665 1961 1668 1961 1668 1961 1668 1961 1724 1973 1755 1977 1822 1973 1827 2034 1822 2070 1637 2046 1492 2046 1473 2058 1471 2058 1471 2058 1471 2058 1468 2058 1468 2058 1468 2058 1466 2058 1466 2058 1463 2058 1463 2058 1430 2046 1409 2065 1404 2070 1404 2070 1402 2070 1402 2070 1402 2070 1399 2070 1399 2070 1399 2072 1224 2072 1221 2070 1221 2070 1219 2070 1219 2070 1219 2070 1217 2070 1217 2070 1210 2063 1191 2049 1131 2060 1129 2060 1129 2060 1129 2060 1127 2060 1127 2060 1124 2060 1124 2060 1124 2060 1086 2046 1015 2060 1003 2060 1003 2060 1001 2060 1001 2060 1001 2060 998 2060 994 2058 953 2046 937 2058 922 2070 922 2070 920 2070 920 2070 918 2070 918 2070 918 2070 915 2070 915 2070 915 2070 861 2058 813 2046 735 2049 723 2056 695 2070 695 2070 695 2070 692 2070 692 2070 692 2072 545 2072 543 2070 543 2070 540 2070 474 2051"/></Shape>
	    <String CONTENT="et sur pareilz faicts Surquoy jl dict et deppose"
                    HPOS="474.0"
                    VPOS="1961.0"
                    WIDTH="1353.0"
                    HEIGHT="111.0"></String>
          </TextLine>

          
          
          <TextLine ID="eSc_line_a0d03830"
                    
                    BASELINE="476 2125 1831 2134" 
                    HPOS="476.0"
                    VPOS="2056.0"
                    WIDTH="1355.0"
                    HEIGHT="121.0">
            <Shape><Polygon POINTS="476 2125 476 2056 640 2072 707 2058 714 2058 714 2058 714 2058 716 2058 716 2058 718 2058 718 2058 721 2058 768 2077 816 2060 818 2060 820 2060 820 2060 820 2060 823 2060 823 2060 832 2060 946 2082 1058 2082 1081 2065 1084 2065 1084 2065 1084 2065 1084 2065 1086 2065 1086 2065 1089 2065 1089 2065 1089 2065 1091 2065 1091 2065 1091 2065 1093 2065 1093 2065 1115 2082 1207 2082 1236 2068 1248 2063 1248 2063 1248 2063 1250 2063 1250 2063 1252 2063 1347 2063 1347 2063 1347 2063 1350 2063 1373 2070 1411 2082 1516 2082 1528 2072 1537 2065 1539 2065 1539 2065 1539 2065 1542 2065 1542 2065 1544 2065 1592 2065 1592 2065 1592 2065 1594 2065 1594 2065 1594 2065 1596 2065 1596 2068 1606 2075 1615 2084 1637 2075 1663 2065 1663 2065 1665 2065 1665 2065 1668 2065 1668 2065 1668 2065 1670 2065 1701 2077 1727 2084 1827 2079 1831 2134 1829 2177 1781 2177 1779 2174 1779 2174 1777 2174 1777 2174 1777 2174 1777 2174 1774 2174 1774 2174 1774 2172 1753 2151 1736 2160 1736 2160 1736 2160 1734 2160 1734 2160 1734 2160 1732 2160 1732 2160 1729 2160 1729 2160 1729 2160 1727 2160 1727 2160 1727 2158 1715 2146 1677 2162 1677 2162 1675 2162 1675 2162 1675 2162 1672 2162 1672 2162 1532 2146 1504 2165 1501 2165 1501 2165 1501 2165 1499 2165 1499 2165 1497 2165 1497 2165 1497 2165 1494 2165 1494 2165 1492 2165 1456 2143 1333 2167 1333 2167 1333 2167 1331 2167 1331 2167 1146 2143 1098 2146 1070 2170 1070 2170 1067 2170 1067 2170 1067 2170 1067 2170 1065 2170 1065 2170 1062 2170 1062 2170 1055 2170 960 2158 906 2170 896 2170 896 2170 896 2170 894 2170 894 2170 892 2170 892 2170 892 2170 889 2170 889 2170 889 2170 889 2167 858 2139 811 2139 742 2139 714 2165 714 2167 714 2167 711 2167 711 2167 711 2167 711 2167 709 2167 709 2167 709 2170 597 2170 595 2167 595 2167 593 2167 593 2167 590 2167 590 2167 543 2139 476 2165"/></Shape>
	    <String CONTENT="par son serment que en decembre dernier luy deppos"
                    HPOS="476.0"
                    VPOS="2056.0"
                    WIDTH="1355.0"
                    HEIGHT="121.0"></String>
          </TextLine>

          
          
          <TextLine ID="eSc_line_51cfe639"
                    
                    BASELINE="486 2219 1838 2234" 
                    HPOS="476.0"
                    VPOS="2158.0"
                    WIDTH="1362.0"
                    HEIGHT="118.0">
            <Shape><Polygon POINTS="486 2219 484 2174 666 2158 666 2158 669 2158 904 2177 906 2177 906 2177 932 2160 934 2160 934 2160 934 2160 937 2160 937 2160 939 2160 939 2160 939 2160 1027 2179 1034 2179 1039 2179 1129 2162 1129 2162 1131 2162 1131 2162 1131 2162 1134 2162 1134 2162 1136 2162 1165 2181 1167 2181 1167 2181 1195 2165 1195 2165 1195 2165 1198 2165 1198 2165 1198 2165 1200 2165 1200 2165 1202 2165 1202 2165 1243 2181 1245 2184 1307 2184 1307 2181 1323 2167 1323 2167 1326 2167 1326 2167 1326 2167 1328 2167 1328 2167 1328 2167 1331 2167 1331 2167 1333 2167 1385 2184 1392 2184 1414 2184 1613 2167 1615 2167 1615 2167 1838 2189 1838 2234 1836 2264 1551 2276 1549 2276 1549 2276 1549 2276 1547 2276 1547 2276 1547 2276 1544 2276 1523 2262 1509 2250 1466 2260 1452 2262 1452 2262 1452 2262 1449 2262 1449 2262 1449 2262 1433 2260 1378 2248 1364 2257 1350 2269 1347 2269 1347 2269 1347 2269 1345 2269 1345 2269 1293 2274 1290 2274 1290 2274 1290 2274 1288 2274 1288 2274 1288 2274 1286 2274 1286 2274 1286 2272 1269 2257 1262 2248 1240 2257 1214 2267 1214 2267 1212 2267 1212 2267 1210 2267 1210 2267 1210 2267 1207 2267 1207 2267 1181 2255 1157 2245 1074 2245 1034 2253 953 2272 953 2272 953 2272 951 2272 806 2269 806 2269 806 2269 804 2269 804 2269 801 2269 801 2269 778 2250 775 2248 576 2241 562 2245 519 2267 519 2267 517 2267 517 2267 517 2267 514 2267 514 2267 512 2267 512 2267 512 2267 510 2267 476 2245"/></Shape>
	    <String CONTENT="estant oudict chasteau de Chauigny avecq plusieurs"
                    HPOS="476.0"
                    VPOS="2158.0"
                    WIDTH="1362.0"
                    HEIGHT="118.0"></String>
          </TextLine>

          
          
          <TextLine ID="eSc_line_6e243332"
                    
                    BASELINE="481 2312 951 2319 1525 2362 1791 2366" 
                    HPOS="476.0"
                    VPOS="2238.0"
                    WIDTH="1317.0"
                    HEIGHT="169.0">
            <Shape><Polygon POINTS="481 2312 481 2257 574 2257 626 2238 628 2238 628 2238 628 2238 631 2238 631 2238 633 2238 737 2267 747 2272 844 2272 844 2272 899 2253 899 2253 901 2253 901 2253 904 2253 904 2253 904 2253 987 2272 1027 2264 1027 2264 1027 2264 1029 2264 1029 2264 1032 2264 1032 2264 1032 2264 1072 2283 1074 2283 1077 2283 1138 2264 1141 2264 1141 2264 1143 2264 1143 2264 1143 2264 1146 2264 1146 2264 1205 2288 1210 2293 1274 2293 1278 2293 1335 2272 1338 2272 1338 2272 1338 2272 1340 2272 1461 2279 1461 2279 1463 2279 1463 2279 1463 2279 1466 2279 1466 2279 1466 2281 1490 2302 1494 2305 1542 2305 1741 2300 1743 2300 1743 2300 1743 2300 1746 2300 1793 2317 1791 2366 1789 2383 1713 2402 1713 2402 1713 2402 1710 2402 1710 2402 1587 2381 1556 2376 1537 2381 1440 2407 1437 2407 1437 2407 1435 2407 1283 2400 1283 2400 1283 2400 1281 2400 1281 2400 1278 2400 1278 2400 1248 2376 1229 2359 1200 2374 1181 2383 1181 2383 1181 2383 1179 2383 1179 2383 1176 2383 1176 2383 1176 2383 1174 2383 1174 2383 1174 2383 1172 2383 1160 2374 1131 2355 1067 2352 1029 2371 1015 2378 1015 2378 1015 2378 1013 2378 1013 2378 1010 2378 1010 2378 1010 2378 1008 2378 1008 2378 1006 2378 996 2371 953 2345 868 2343 842 2362 842 2362 839 2362 839 2362 839 2362 837 2362 837 2362 835 2362 835 2362 835 2362 728 2338 657 2366 654 2366 654 2366 652 2366 652 2366 650 2366 476 2362"/></Shape>
	    <String CONTENT="gentilzhommes et aultres de par le[dict] seigneur de"
                    HPOS="476.0"
                    VPOS="2238.0"
                    WIDTH="1317.0"
                    HEIGHT="169.0"></String>
          </TextLine>

          
        </TextBlock>
        
        <TextBlock HPOS="2249"
                   VPOS="218"
                   WIDTH="1412"
                   HEIGHT="2151"
                   ID="eSc_textblock_086060c2"
                   TAGREFS="BT">
          <Shape><Polygon POINTS="3651 275 3661 490 3613 540 3594 815 3623 1496 3556 1641 3575 2027 3556 2179 3490 2248 3490 2312 3433 2340 2315 2369 2277 2103 2287 1603 2249 1562 2287 1477 2287 246 3452 246 3492 218"/></Shape>
          
          
          <TextLine ID="eSc_line_a8d93fa6"
                    
                    BASELINE="2301 294 3632 322" 
                    HPOS="2296.0"
                    VPOS="225.0"
                    WIDTH="1336.0"
                    HEIGHT="133.0">
            <Shape><Polygon POINTS="2301 294 2301 225 2367 227 2367 227 2367 227 2367 227 2370 227 2370 227 2370 227 2410 249 2429 237 2432 237 2432 237 2434 237 2434 237 2434 237 2436 237 2436 237 2526 249 2550 232 2550 232 2550 232 2553 232 2553 232 2555 232 2555 232 2557 232 2628 232 2628 232 2628 232 2631 232 2631 232 2645 237 2683 251 2704 239 2714 234 2714 234 2714 234 2716 234 2716 234 2716 234 2719 234 2719 234 2721 234 2721 234 2721 234 2723 234 2731 239 2757 256 2795 241 2797 241 2799 241 2799 241 2799 241 2802 241 2802 241 2804 241 2811 244 2859 256 2871 246 2878 239 2878 239 2880 239 2880 239 2880 239 2882 239 2882 239 2882 239 2885 239 2885 239 2887 239 2887 239 2887 239 2889 239 2899 246 2920 258 3010 258 3025 251 3046 241 3046 241 3048 241 3048 241 3048 241 3051 241 3051 241 3053 241 3053 241 3053 241 3056 241 3056 241 3070 253 3084 265 3117 265 3141 256 3177 244 3179 244 3179 244 3179 244 3181 244 3181 244 3181 244 3184 244 3184 244 3217 258 3236 265 3257 260 3288 251 3290 251 3290 251 3293 251 3293 251 3293 251 3295 251 3295 251 3295 251 3314 263 3326 267 3400 265 3551 258 3554 258 3554 258 3554 258 3632 275 3632 322 3630 339 3525 358 3525 358 3523 358 3523 358 3523 358 3521 358 3521 358 3521 358 3478 336 3478 336 3471 336 3300 353 3300 353 3298 353 3298 353 3295 353 3295 353 3295 353 3253 332 3253 332 3248 332 3160 339 3160 339 3158 339 3158 339 3084 327 3079 327 3079 327 3060 343 3060 346 3060 346 3058 346 3058 346 3058 346 3056 346 3056 346 3056 348 2989 348 2987 346 2987 346 2984 346 2984 346 2984 346 2942 324 2866 343 2863 343 2863 343 2861 343 2861 343 2859 343 2859 343 2799 322 2704 339 2704 339 2702 339 2702 339 2579 324 2526 336 2524 336 2524 336 2522 336 2522 336 2296 308"/></Shape>
	    <String CONTENT="veid a vng certain jour de vendredy oudict moys que led[ict]"
                    HPOS="2296.0"
                    VPOS="225.0"
                    WIDTH="1336.0"
                    HEIGHT="133.0"></String>
          </TextLine>

          
          
          <TextLine ID="eSc_line_7f6bd8f1"
                    
                    BASELINE="2296 386 3601 403" 
                    HPOS="2292.0"
                    VPOS="324.0"
                    WIDTH="1309.0"
                    HEIGHT="117.0">
            <Shape><Polygon POINTS="2296 386 2294 343 2479 324 2481 324 2752 329 2752 329 2752 329 2837 346 2861 351 2868 346 2892 334 2892 334 2892 334 2894 334 2894 334 2894 334 2897 334 2897 334 2999 348 3044 353 3070 348 3094 343 3094 343 3094 343 3096 343 3181 348 3281 355 3288 351 3298 341 3298 341 3300 341 3300 341 3300 341 3302 341 3302 341 3302 341 3305 341 3305 341 3307 341 3307 341 3328 351 3345 355 3599 353 3601 403 3599 419 3535 434 3535 434 3535 434 3532 434 3532 434 3530 434 3487 422 3464 438 3461 438 3461 438 3461 438 3459 438 3459 438 3457 438 3457 438 3457 438 3454 438 3402 422 3400 422 3400 422 3362 431 3359 431 3359 431 3357 431 3357 431 3288 422 3267 419 3262 422 3250 434 3250 436 3250 436 3248 436 3248 436 3248 436 3245 436 3245 436 3245 438 3203 438 3200 436 3200 436 3198 436 3198 436 3167 422 3155 417 3148 422 3129 438 3129 438 3127 438 3127 438 3127 438 3124 438 3124 438 3124 441 3089 441 3086 438 3086 438 2984 424 2918 415 2889 424 2859 436 2859 436 2856 436 2856 436 2854 436 2726 434 2726 434 2726 434 2723 434 2723 434 2721 434 2721 434 2712 426 2704 422 2662 426 2600 431 2600 431 2598 431 2598 431 2595 431 2595 431 2595 431 2593 431 2593 431 2593 429 2588 426 2572 410 2524 426 2507 431 2505 431 2505 431 2505 431 2503 431 2503 431 2500 431 2500 431 2486 426 2439 407 2420 426 2420 426 2420 429 2420 429 2417 429 2417 429 2417 429 2415 429 2415 429 2413 429 2292 426"/></Shape>
	    <String CONTENT="chasteau de chauigny fut assiege par larmee de"
                    HPOS="2292.0"
                    VPOS="324.0"
                    WIDTH="1309.0"
                    HEIGHT="117.0"></String>
          </TextLine>

          
          
          <TextLine ID="eSc_line_71afac68"
                    
                    BASELINE="2294 483 2690 469 3651 481" 
                    HPOS="2289.0"
                    VPOS="412.0"
                    WIDTH="1362.0"
                    HEIGHT="114.0">
            <Shape><Polygon POINTS="2294 483 2289 426 2356 412 2356 412 2356 412 2358 412 2358 412 2424 424 2436 426 2441 424 2467 412 2467 412 2467 412 2470 412 2470 412 2472 412 2593 412 2593 412 2593 412 2595 412 2595 412 2595 412 2598 412 2598 412 2610 424 2614 426 2704 426 2704 424 2716 415 2716 412 2716 412 2719 412 2719 412 2719 412 2721 412 2721 412 2723 412 2833 415 2833 415 2833 415 2835 415 2835 415 2835 415 2837 415 2837 415 2847 424 2852 426 2949 424 3165 415 3167 415 3167 415 3167 415 3169 415 3169 415 3169 415 3172 415 3181 422 3191 429 3217 422 3236 417 3238 417 3238 417 3241 417 3241 417 3241 417 3243 417 3243 417 3243 417 3245 417 3245 417 3245 419 3250 422 3260 431 3319 422 3355 417 3355 417 3357 417 3357 417 3357 417 3381 422 3428 431 3649 422 3651 481 3649 526 3345 526 3343 524 3343 524 3340 524 3340 524 3340 524 3324 517 3279 495 3236 514 3229 517 3229 517 3226 517 3226 517 3226 517 3224 517 3224 517 3222 517 3222 517 3222 517 3219 517 3219 517 3217 514 3186 493 3098 493 3072 509 3060 519 3058 519 3058 519 3058 519 3056 519 3056 519 3056 519 2899 521 2897 521 2897 521 2897 521 2814 502 2757 490 2602 490 2569 498 2517 507 2517 507 2517 507 2515 507 2515 507 2512 507 2512 507 2512 507 2488 495 2424 519 2424 519 2422 519 2422 519 2420 519 2420 519 2420 519 2417 519 2417 519 2363 493 2292 488"/></Shape>
	    <String CONTENT="ceulx de la nouuelle religion et tirerent  harquebuzards"
                    HPOS="2289.0"
                    VPOS="412.0"
                    WIDTH="1362.0"
                    HEIGHT="114.0"></String>
          </TextLine>

          
          
          <TextLine ID="eSc_line_b1c0995e"
                    
                    BASELINE="2313 584 2887 555 3551 575" 
                    HPOS="2308"
                    VPOS="490"
                    WIDTH="1241"
                    HEIGHT="121">
            <Shape><Polygon POINTS="2311 583 2308 498 2413 512 2443 498 2451 495 2451 495 2453 495 2453 495 2455 495 2517 495 2517 495 2517 495 2519 495 2519 495 2519 495 2522 495 2522 495 2524 500 2538 509 2598 500 2631 495 2631 495 2633 495 2633 495 2681 500 2764 512 2790 502 2814 493 2814 493 2816 493 2816 493 2816 493 2818 493 2818 493 2878 502 2930 512 2956 505 2989 493 2992 493 2992 493 2992 493 2994 493 2994 493 2994 493 2996 493 2996 493 2999 493 3018 505 3032 514 3196 514 3207 507 3222 498 3224 498 3224 498 3226 498 3226 498 3226 498 3229 498 3229 498 3231 498 3231 498 3255 507 3267 512 3271 507 3295 490 3298 490 3298 490 3298 490 3300 490 3300 490 3300 490 3302 490 3302 490 3305 490 3305 490 3347 509 3352 512 3547 512 3549 573 3549 585 3509 602 3509 602 3506 602 3506 602 3504 602 3504 602 3504 602 3502 602 3502 602 3502 602 3499 602 3478 588 3476 585 3471 588 3440 602 3440 602 3438 602 3438 602 3438 602 3435 602 3435 602 3359 590 3286 578 3255 592 3224 607 3224 607 3224 607 3222 607 3222 607 3222 609 3167 609 3165 607 3165 607 3162 607 3162 607 3162 607 3160 607 3143 595 3120 581 3003 581 2946 597 2944 597 2944 597 2944 597 2942 597 2942 597 2939 597 2939 597 2939 597 2937 597 2913 581 2882 600 2880 602 2878 602 2878 602 2878 602 2875 602 2875 602 2873 602 2873 602 2873 602 2871 602 2863 600 2795 581 2657 604 2628 609 2628 609 2626 609 2626 609 2626 609 2624 609 2624 609 2617 607 2591 595 2311 611"/></Shape>
	    <String CONTENT="les vngs contre les aultres et fut toute"
                    HPOS="2308"
                    VPOS="490"
                    WIDTH="1241"
                    HEIGHT="121"></String>
          </TextLine>

          
          
          <TextLine ID="eSc_line_3c9ef2ca"
                    
                    BASELINE="2301 671 3604 645" 
                    HPOS="2299.0"
                    VPOS="583.0"
                    WIDTH="1305.0"
                    HEIGHT="116.0">
            <Shape><Polygon POINTS="2301 671 2299 609 2403 621 2434 607 2446 602 2446 602 2446 602 2448 602 2448 602 2451 602 2451 602 2451 602 2453 602 2453 602 2453 602 2455 602 2455 602 2455 604 2460 607 2472 621 2515 621 2555 607 2569 602 2572 602 2572 602 2572 602 2574 602 2574 602 2576 602 2576 602 2588 607 2617 616 2638 604 2655 597 2655 597 2655 597 2657 597 2657 597 2657 597 2659 597 2659 597 2659 597 2695 604 2731 614 2742 604 2752 597 2752 597 2754 597 2754 597 2757 597 2757 597 2757 597 2759 597 2759 597 2759 597 2761 597 2761 597 2764 597 2776 604 2790 614 2880 614 2930 604 3008 590 3008 590 3008 590 3010 590 3010 590 3086 602 3117 607 3136 602 3160 595 3162 595 3162 595 3162 595 3165 595 3165 595 3165 595 3196 602 3210 604 3219 602 3255 585 3255 585 3257 585 3257 585 3257 585 3260 585 3260 585 3262 585 3312 600 3364 585 3366 585 3366 585 3369 585 3369 585 3369 585 3371 585 3371 585 3407 600 3438 583 3438 583 3438 583 3440 583 3440 583 3442 583 3442 583 3599 600 3604 645 3601 668 3421 664 3397 671 3378 678 3378 678 3376 678 3376 678 3374 678 3374 678 3319 673 3255 666 3241 673 3217 685 3217 685 3217 685 3215 685 3215 685 3212 685 3212 685 3212 685 3210 685 3210 685 3207 685 3191 673 3188 673 3167 673 3010 690 3010 692 2923 692 2920 690 2920 690 2918 690 2918 690 2916 690 2897 678 2894 678 2894 678 2885 690 2882 690 2882 692 2882 692 2880 692 2880 692 2880 692 2878 692 2878 692 2875 692 2875 692 2875 692 2804 678 2787 675 2773 678 2721 694 2719 694 2719 694 2719 694 2716 694 2569 680 2553 680 2538 680 2417 699 2417 699 2415 699 2415 699 2299 683"/></Shape>
	    <String CONTENT="leurdicte armes deuant le[dict] lieu et leur artillerie"
                    HPOS="2299.0"
                    VPOS="583.0"
                    WIDTH="1305.0"
                    HEIGHT="116.0"></String>
          </TextLine>

          
          
          <TextLine ID="eSc_line_7a17982b"
                    
                    BASELINE="2296 768 3604 744" 
                    HPOS="2289.0"
                    VPOS="680.0"
                    WIDTH="1315.0"
                    HEIGHT="138.0">
            <Shape><Polygon POINTS="2296 768 2289 697 2448 694 2451 694 2451 694 2453 694 2453 694 2453 694 2455 694 2455 694 2455 697 2481 716 2531 697 2536 694 2536 694 2538 694 2538 694 2541 694 2541 694 2541 694 2550 697 2619 711 2636 699 2638 699 2638 699 2638 699 2640 699 2640 699 2643 699 2889 709 2913 697 2913 694 2916 694 2916 694 2918 694 2918 694 2918 694 2920 694 2946 697 3063 706 3079 697 3101 683 3103 683 3103 683 3105 683 3105 683 3105 683 3108 683 3108 683 3110 683 3110 683 3143 697 3167 704 3210 697 3290 680 3290 680 3293 680 3293 680 3397 692 3426 683 3426 683 3428 683 3428 683 3430 683 3430 683 3430 683 3433 683 3433 683 3433 683 3435 683 3435 683 3452 697 3457 699 3478 697 3551 685 3551 685 3554 685 3554 685 3556 685 3601 697 3604 744 3604 763 3402 766 3388 773 3336 794 3336 794 3333 794 3333 794 3333 794 3331 794 3331 794 3328 794 3276 780 3212 801 3210 801 3210 801 3210 801 3207 801 3124 799 3124 799 3124 799 3122 799 3084 785 3058 775 3032 787 2999 803 2999 803 2996 803 2996 803 2996 803 2818 808 2818 811 2778 811 2776 808 2776 808 2773 808 2773 808 2773 808 2771 808 2771 808 2759 799 2740 782 2588 796 2588 796 2586 796 2586 796 2583 796 2583 796 2581 796 2555 782 2505 782 2453 811 2446 813 2446 813 2446 813 2443 813 2443 813 2441 813 2441 813 2441 813 2439 813 2439 813 2439 813 2434 811 2413 799 2389 813 2386 815 2384 815 2384 815 2384 815 2382 815 2382 815 2382 818 2296 818"/></Shape>
	    <String CONTENT="pres et nestoient que seize a dix sept hommes de"
                    HPOS="2289.0"
                    VPOS="680.0"
                    WIDTH="1315.0"
                    HEIGHT="138.0"></String>
          </TextLine>

          
          
          <TextLine ID="eSc_line_50dc2170"
                    
                    BASELINE="2301 870 3566 841" 
                    HPOS="2294.0"
                    VPOS="777.0"
                    WIDTH="1272.0"
                    HEIGHT="136.0">
            <Shape><Polygon POINTS="2301 870 2294 811 2346 801 2346 801 2349 801 2349 801 2349 801 2351 801 2351 801 2367 808 2386 818 2396 808 2403 801 2403 801 2403 799 2403 799 2405 799 2405 799 2405 799 2408 799 2408 799 2410 799 2441 799 2441 799 2441 799 2443 799 2443 799 2465 806 2486 815 2496 806 2505 799 2505 796 2505 796 2507 796 2507 796 2510 796 2510 796 2510 796 2512 796 2512 796 2515 796 2515 796 2515 796 2517 796 2531 806 2543 813 2557 806 2576 796 2576 796 2576 796 2579 796 2579 796 2579 796 2695 794 2697 794 2697 794 2700 794 2700 794 2700 794 2702 794 2702 794 2702 796 2712 803 2719 811 2745 803 2783 792 2785 792 2785 792 2787 792 2787 792 2868 801 2916 806 2996 799 3108 789 3108 789 3110 789 3110 789 3113 789 3113 789 3113 789 3129 796 3139 801 3162 796 3243 780 3243 780 3243 780 3245 780 3245 780 3328 794 3345 796 3352 794 3383 777 3383 777 3383 777 3385 777 3385 777 3385 777 3388 777 3388 777 3390 777 3390 777 3390 777 3393 777 3393 777 3411 792 3411 794 3419 792 3476 780 3476 780 3476 780 3478 780 3478 780 3561 792 3566 841 3563 858 3476 858 3468 860 3416 887 3416 887 3416 887 3414 887 3414 887 3414 887 3411 887 3411 887 3409 887 3409 887 3371 872 3331 891 3331 891 3331 891 3328 891 3328 891 3326 891 3326 891 3324 891 3250 872 3219 894 3217 894 3217 894 3217 894 3215 894 3215 894 3215 894 3122 896 3120 896 3120 896 3117 896 3117 896 3070 879 3039 868 2999 882 2975 891 2975 891 2973 891 2973 891 2973 891 2970 891 2970 891 2968 891 2968 891 2968 891 2965 891 2956 884 2932 870 2894 887 2861 901 2861 901 2859 901 2859 901 2859 901 2856 901 2856 901 2854 901 2854 901 2854 901 2830 889 2802 875 2778 889 2776 889 2776 889 2773 889 2773 889 2773 889 2771 889 2771 889 2771 889 2768 889 2721 875 2548 879 2534 894 2534 896 2534 896 2531 896 2531 896 2531 896 2529 896 2529 896 2526 896 2526 896 2526 896 2524 896 2524 896 2503 887 2477 905 2472 910 2472 910 2470 910 2470 910 2467 910 2467 910 2467 910 2301 913"/></Shape>
	    <String CONTENT="de guerre dedans et fut par les[dicts] de la nouuelle"
                    HPOS="2294.0"
                    VPOS="777.0"
                    WIDTH="1272.0"
                    HEIGHT="136.0"></String>
          </TextLine>

          
          
          <TextLine ID="eSc_line_ab385898"
                    
                    BASELINE="2296 977 3578 948" 
                    HPOS="2292.0"
                    VPOS="887.0"
                    WIDTH="1286.0"
                    HEIGHT="139.0">
            <Shape><Polygon POINTS="2296 977 2292 910 2346 910 2346 910 2346 910 2349 910 2349 910 2349 910 2351 910 2351 913 2372 929 2479 908 2498 905 2498 905 2498 905 2500 905 2500 905 2522 908 2619 924 2749 924 2766 908 2771 905 2771 903 2773 903 2773 903 2773 903 2776 903 2776 903 2823 898 2823 898 2825 898 2825 898 2828 898 2828 898 2828 898 2830 898 2830 898 2840 908 2859 920 3077 917 3089 905 3091 903 3091 903 3094 903 3094 903 3094 903 3096 903 3096 903 3096 903 3098 903 3098 903 3098 903 3101 903 3110 905 3139 915 3229 905 3404 887 3404 887 3407 887 3407 887 3409 887 3468 905 3473 905 3570 905 3578 948 3578 977 3544 991 3544 991 3542 991 3542 991 3540 991 3540 991 3449 981 3428 1000 3428 1003 3428 1003 3426 1003 3426 1003 3426 1003 3423 1003 3423 1003 3364 1007 3362 1007 3362 1007 3359 1007 3298 993 3020 1015 3018 1015 3018 1015 3018 1015 3015 1015 2944 993 2930 1007 2930 1007 2927 1007 2927 1007 2927 1007 2925 1007 2925 1007 2925 1007 2923 1007 2923 1007 2840 993 2830 993 2814 996 2693 1010 2693 1010 2690 1010 2690 1010 2690 1010 2633 998 2626 998 2624 998 2591 1019 2588 1019 2588 1019 2586 1019 2586 1019 2586 1019 2439 1026 2436 1026 2436 1026 2436 1026 2434 1026 2370 1005 2367 1005 2296 1005"/></Shape>
	    <String CONTENT="religion rompu le part quanque les escuiers"
                    HPOS="2292.0"
                    VPOS="887.0"
                    WIDTH="1286.0"
                    HEIGHT="139.0"></String>
          </TextLine>

          
          
          <TextLine ID="eSc_line_c4ceaac5"
                    
                    BASELINE="2303 1100 2999 1083 3158 1067 3568 1048" 
                    HPOS="2294.0"
                    VPOS="996.0"
                    WIDTH="1274.0"
                    HEIGHT="142.0">
            <Shape><Polygon POINTS="2303 1100 2294 1050 2337 1034 2337 1034 2339 1034 2339 1034 2341 1034 2341 1034 2341 1034 2344 1034 2344 1034 2344 1034 2370 1045 2610 1036 2671 1015 2674 1015 2674 1015 2674 1015 2785 1012 2787 1012 2787 1012 2787 1012 2790 1012 2835 1026 2899 1007 2901 1007 2901 1007 2901 1007 2904 1007 2904 1007 2906 1007 2906 1007 2949 1024 2956 1026 3013 1024 3013 1022 3032 1005 3032 1003 3032 1003 3034 1003 3034 1003 3034 1003 3037 1003 3037 1003 3037 1003 3039 1003 3039 1003 3039 1003 3105 1019 3110 1019 3117 1019 3188 998 3191 998 3191 998 3191 998 3193 998 3193 998 3196 998 3253 1012 3260 1015 3264 1012 3300 996 3300 996 3300 996 3302 996 3302 996 3305 996 3305 996 3305 996 3366 1010 3385 1012 3561 1003 3568 1048 3568 1076 3385 1083 3383 1086 3374 1095 3374 1098 3374 1098 3371 1098 3371 1098 3371 1098 3369 1098 3369 1098 3369 1098 3366 1098 3366 1098 3364 1098 3364 1098 3364 1098 3362 1098 3347 1088 3338 1083 3262 1083 3245 1093 3224 1107 3222 1107 3222 1107 3222 1107 3219 1107 3219 1107 3219 1109 3160 1109 3158 1107 3158 1107 3155 1107 3155 1107 3155 1107 3153 1107 3153 1107 3153 1105 3146 1098 3134 1088 3103 1100 3077 1109 3077 1109 3075 1109 3075 1109 3072 1109 3072 1109 3072 1109 3070 1109 3070 1109 3067 1109 3067 1109 3058 1102 3048 1095 3039 1102 3034 1107 3034 1109 3034 1109 3032 1109 3032 1109 3032 1109 3029 1109 3029 1109 3029 1109 3027 1109 3027 1109 3025 1109 3025 1109 3025 1109 3022 1109 3015 1105 3003 1095 2987 1105 2982 1109 2980 1109 2980 1109 2980 1109 2977 1109 2977 1109 2975 1109 2975 1109 2975 1109 2973 1109 2963 1107 2930 1095 2916 1109 2911 1112 2911 1114 2911 1114 2908 1114 2908 1114 2908 1114 2906 1114 2906 1114 2814 1121 2811 1121 2811 1121 2811 1121 2809 1121 2809 1121 2809 1121 2797 1114 2766 1100 2693 1119 2669 1126 2666 1126 2666 1126 2664 1126 2664 1126 2664 1126 2662 1126 2662 1126 2662 1126 2659 1126 2659 1126 2659 1124 2657 1121 2638 1105 2560 1117 2560 1117 2557 1117 2557 1117 2557 1117 2555 1117 2524 1107 2498 1128 2498 1131 2498 1131 2496 1131 2496 1131 2496 1131 2493 1131 2493 1131 2493 1131 2303 1138"/></Shape>
	    <String CONTENT="et guerriers par lesquelz jlz alloient acouuert"
                    HPOS="2294.0"
                    VPOS="996.0"
                    WIDTH="1274.0"
                    HEIGHT="142.0"></String>
          </TextLine>

          
          
          <TextLine ID="eSc_line_2e7bba15"
                    
                    BASELINE="2296 1204 3604 1166" 
                    HPOS="2292.0"
                    VPOS="1098.0"
                    WIDTH="1312.0"
                    HEIGHT="149.0">
            <Shape><Polygon POINTS="2296 1204 2292 1128 2420 1147 2569 1124 2610 1119 2610 1119 2612 1119 2612 1119 2671 1124 2790 1133 2866 1121 2899 1117 2899 1117 2901 1117 2901 1117 2901 1117 2904 1117 2904 1117 2904 1117 2913 1121 2937 1133 2977 1133 2992 1119 3001 1112 3001 1109 3001 1109 3003 1109 3003 1109 3006 1109 3006 1109 3006 1109 3008 1109 3008 1109 3008 1109 3010 1109 3039 1119 3067 1128 3155 1128 3162 1119 3177 1105 3177 1105 3177 1102 3177 1102 3179 1102 3179 1102 3181 1102 3181 1102 3181 1102 3184 1102 3184 1102 3281 1117 3319 1121 3459 1119 3466 1114 3514 1098 3514 1098 3516 1098 3516 1098 3518 1098 3518 1098 3518 1098 3521 1098 3521 1098 3523 1098 3547 1114 3551 1114 3597 1114 3604 1166 3604 1181 3544 1183 3544 1185 3518 1211 3518 1211 3518 1214 3518 1214 3516 1214 3516 1214 3514 1214 3514 1214 3514 1214 3511 1214 3511 1214 3509 1214 3509 1214 3445 1190 3440 1188 3438 1190 3402 1216 3402 1216 3400 1216 3400 1216 3397 1216 3397 1216 3397 1216 3395 1216 3395 1216 3393 1216 3393 1216 3393 1216 3366 1202 3350 1216 3350 1219 3350 1219 3347 1219 3347 1219 3345 1219 3345 1219 3345 1219 3132 1223 3129 1223 3129 1223 3127 1223 3127 1223 3127 1223 3096 1207 3084 1200 3032 1200 2920 1214 2920 1214 2918 1214 2918 1214 2918 1214 2868 1204 2828 1219 2790 1235 2790 1235 2787 1235 2787 1235 2785 1235 2785 1235 2785 1235 2783 1235 2747 1223 2702 1209 2633 1209 2607 1230 2595 1240 2595 1240 2593 1240 2593 1240 2593 1240 2591 1240 2591 1240 2588 1240 2519 1238 2519 1238 2519 1238 2517 1238 2517 1238 2517 1238 2512 1235 2474 1216 2429 1240 2417 1245 2417 1245 2417 1245 2415 1245 2415 1245 2415 1247 2296 1247"/></Shape>
	    <String CONTENT="jusques sartre le chasteau Ammoy (?) en de quoy et que"
                    HPOS="2292.0"
                    VPOS="1098.0"
                    WIDTH="1312.0"
                    HEIGHT="149.0"></String>
          </TextLine>

          
          
          <TextLine ID="eSc_line_6d4d375b"
                    
                    BASELINE="2301 1299 3601 1268" 
                    HPOS="2299.0"
                    VPOS="1204.0"
                    WIDTH="1302.0"
                    HEIGHT="126.0">
            <Shape><Polygon POINTS="2301 1299 2299 1233 2479 1245 2493 1228 2496 1228 2496 1228 2496 1226 2496 1226 2498 1226 2498 1226 2500 1226 2500 1226 2500 1226 2503 1226 2560 1228 2787 1238 2809 1223 2814 1219 2814 1219 2816 1219 2816 1219 2818 1219 2818 1219 2818 1219 2821 1219 2821 1219 2856 1223 2935 1233 2970 1221 2982 1216 2982 1216 2984 1216 2984 1216 2984 1216 2987 1216 2987 1216 3013 1221 3075 1230 3091 1219 3094 1216 3094 1216 3096 1216 3096 1216 3096 1216 3098 1216 3098 1216 3101 1216 3101 1216 3101 1216 3117 1219 3169 1228 3186 1216 3196 1209 3198 1209 3198 1209 3198 1209 3200 1209 3200 1209 3203 1209 3245 1209 3245 1209 3245 1209 3248 1209 3248 1209 3248 1209 3250 1209 3250 1211 3257 1216 3267 1226 3295 1216 3300 1214 3300 1214 3302 1214 3302 1214 3305 1214 3305 1214 3321 1214 3393 1223 3407 1214 3409 1211 3409 1211 3411 1211 3411 1211 3414 1211 3414 1211 3414 1211 3416 1211 3416 1211 3433 1214 3483 1221 3495 1211 3502 1207 3502 1204 3502 1204 3504 1204 3504 1204 3506 1204 3506 1204 3506 1204 3509 1204 3597 1211 3601 1268 3599 1287 3402 1285 3321 1297 3200 1313 3200 1313 3198 1313 3198 1313 3196 1313 3153 1304 3086 1316 3086 1316 3086 1316 3084 1316 3084 1316 3082 1316 3082 1316 3082 1316 3056 1304 3037 1294 3003 1304 2961 1318 2958 1318 2958 1318 2958 1321 2856 1321 2854 1318 2854 1318 2852 1318 2852 1318 2828 1309 2802 1299 2776 1311 2776 1311 2776 1311 2776 1311 2773 1311 2773 1311 2771 1311 2771 1311 2766 1311 2704 1302 2690 1313 2688 1316 2688 1316 2685 1316 2685 1316 2685 1316 2683 1316 2683 1316 2683 1316 2681 1316 2650 1313 2529 1306 2505 1318 2481 1330 2481 1330 2481 1330 2479 1330 2479 1330 2477 1330 2299 1323"/></Shape>
	    <String CONTENT="les pouldres dudict chasteau par jnconuenient"
                    HPOS="2299.0"
                    VPOS="1204.0"
                    WIDTH="1302.0"
                    HEIGHT="126.0"></String>
          </TextLine>

          
          
          <TextLine ID="eSc_line_3c51e2c7"
                    
                    BASELINE="2301 1394 3587 1370" 
                    HPOS="2296.0"
                    VPOS="1304.0"
                    WIDTH="1291.0"
                    HEIGHT="133.0">
            <Shape><Polygon POINTS="2301 1394 2296 1337 2474 1323 2477 1323 2477 1323 2477 1323 2479 1323 2479 1323 2481 1323 2481 1323 2496 1335 2507 1344 2543 1344 2553 1335 2567 1323 2567 1321 2567 1321 2569 1321 2569 1321 2569 1321 2572 1321 2572 1321 2574 1321 2636 1321 2636 1321 2636 1321 2638 1321 2638 1321 2664 1332 2671 1337 2676 1332 2688 1321 2688 1321 2688 1318 2688 1318 2690 1318 2690 1318 2693 1318 2693 1318 2693 1318 2695 1318 2859 1330 2916 1335 2935 1330 2987 1316 2989 1316 2989 1316 2989 1316 2992 1316 2992 1316 2994 1316 2994 1316 2994 1316 3022 1330 3029 1332 3172 1332 3181 1328 3229 1313 3231 1313 3231 1313 3231 1313 3234 1313 3234 1313 3314 1328 3324 1328 3326 1328 3359 1311 3359 1311 3359 1311 3362 1311 3362 1311 3364 1311 3364 1311 3364 1311 3435 1325 3438 1325 3438 1325 3487 1304 3487 1304 3490 1304 3490 1304 3490 1304 3492 1304 3492 1304 3492 1304 3582 1325 3587 1370 3587 1385 3499 1392 3461 1420 3459 1420 3459 1420 3459 1420 3457 1420 3457 1420 3457 1420 3454 1420 3454 1420 3454 1420 3452 1420 3452 1420 3452 1420 3400 1392 3250 1406 3250 1406 3248 1406 3248 1406 3245 1406 3207 1394 3122 1425 3122 1425 3120 1425 3120 1425 3117 1425 3117 1425 3117 1425 2996 1404 2814 1432 2814 1432 2814 1434 2712 1434 2709 1432 2709 1432 2707 1432 2707 1432 2707 1432 2674 1415 2638 1434 2638 1434 2638 1434 2636 1434 2636 1434 2636 1434 2548 1437 2545 1437 2545 1437 2543 1437 2543 1437 2543 1437 2486 1408 2375 1420 2375 1420 2372 1420 2372 1420 2299 1408"/></Shape>
	    <String CONTENT="dune mesche bruslerent dont quatre ou cinq des"
                    HPOS="2296.0"
                    VPOS="1304.0"
                    WIDTH="1291.0"
                    HEIGHT="133.0"></String>
          </TextLine>

          
          
          <TextLine ID="eSc_line_87198c70"
                    
                    BASELINE="2313 1498 3611 1475" 
                    HPOS="2308.0"
                    VPOS="1401.0"
                    WIDTH="1303.0"
                    HEIGHT="145.0">
            <Shape><Polygon POINTS="2313 1498 2308 1432 2474 1418 2477 1418 2477 1418 2477 1418 2479 1418 2479 1418 2500 1427 2534 1444 2562 1427 2576 1418 2579 1418 2579 1418 2581 1418 2581 1418 2581 1418 2583 1418 2583 1418 2583 1418 2586 1418 2586 1418 2588 1418 2602 1427 2631 1444 2659 1432 2659 1432 2662 1432 2662 1432 2662 1432 2664 1432 2664 1432 2666 1432 2666 1432 2700 1444 2837 1441 2861 1423 2878 1411 2878 1411 2880 1411 2880 1411 2882 1411 2882 1411 2882 1411 2885 1411 2885 1411 2885 1411 2887 1411 2920 1423 2968 1437 3025 1420 3027 1420 3029 1420 3029 1420 3032 1420 3032 1420 3032 1420 3034 1420 3037 1420 3086 1437 3105 1420 3110 1415 3110 1413 3110 1413 3113 1413 3113 1413 3113 1413 3115 1413 3115 1413 3117 1413 3117 1413 3117 1413 3120 1413 3141 1418 3196 1434 3317 1434 3338 1415 3350 1406 3350 1406 3352 1406 3352 1406 3352 1406 3355 1406 3355 1406 3357 1406 3357 1406 3357 1406 3359 1406 3359 1406 3381 1415 3416 1430 3457 1413 3492 1401 3492 1401 3495 1401 3495 1401 3497 1401 3497 1401 3606 1413 3611 1475 3611 1510 3578 1527 3578 1527 3578 1527 3575 1527 3575 1527 3575 1527 3411 1529 3409 1529 3409 1529 3407 1529 3407 1529 3407 1529 3404 1529 3385 1517 3350 1494 3307 1520 3288 1529 3288 1529 3288 1529 3286 1529 3286 1529 3286 1529 3283 1529 3283 1529 3281 1529 3281 1529 3281 1529 3279 1529 3279 1529 3279 1527 3269 1520 3257 1510 3241 1520 3224 1534 3222 1534 3222 1534 3222 1534 3219 1534 3219 1534 3219 1534 3217 1534 3217 1534 3215 1534 3215 1534 3215 1534 3212 1534 3196 1522 3162 1498 3103 1515 3101 1515 3101 1515 3098 1515 3098 1515 3098 1515 3022 1501 2835 1501 2797 1534 2790 1541 2790 1541 2787 1541 2787 1541 2787 1541 2785 1541 2785 1541 2783 1541 2783 1541 2719 1536 2693 1532 2693 1532 2690 1532 2690 1532 2638 1508 2579 1539 2567 1546 2567 1546 2567 1546 2564 1546 2564 1546 2562 1546 2562 1546 2562 1546 2560 1546 2543 1541 2451 1510 2413 1527 2413 1527 2410 1527 2410 1527 2410 1527 2408 1527 2408 1527 2405 1527 2405 1527 2405 1527 2403 1527 2403 1527 2389 1515 2360 1541 2360 1543 2360 1543 2358 1543 2358 1543 2358 1543 2356 1543 2356 1543 2313 1546"/></Shape>
	    <String CONTENT="soldatz furent grandement blessez a la predisace"
                    HPOS="2308.0"
                    VPOS="1401.0"
                    WIDTH="1303.0"
                    HEIGHT="145.0"></String>
          </TextLine>

          
          
          <TextLine ID="eSc_line_17e7c0d0"
                    
                    BASELINE="2303 1593 3544 1581" 
                    HPOS="2299.0"
                    VPOS="1508.0"
                    WIDTH="1245.0"
                    HEIGHT="130.0">
            <Shape><Polygon POINTS="2303 1593 2299 1527 2823 1513 2825 1513 2825 1513 2828 1513 2828 1513 2828 1513 2830 1513 2830 1513 2852 1529 2863 1539 3039 1539 3048 1529 3060 1520 3060 1520 3063 1520 3063 1520 3063 1520 3065 1520 3065 1520 3065 1520 3067 1520 3067 1520 3070 1520 3070 1520 3070 1520 3072 1520 3072 1520 3084 1529 3091 1536 3155 1536 3165 1532 3198 1515 3198 1515 3200 1515 3200 1515 3200 1515 3203 1515 3203 1515 3203 1515 3205 1515 3205 1515 3207 1515 3207 1515 3207 1517 3224 1532 3226 1534 3283 1534 3338 1534 3340 1532 3374 1508 3376 1508 3376 1508 3376 1508 3378 1508 3378 1508 3378 1508 3381 1508 3381 1508 3383 1508 3383 1508 3383 1508 3385 1508 3385 1508 3385 1510 3409 1532 3457 1517 3459 1517 3459 1517 3461 1517 3461 1517 3461 1517 3540 1534 3544 1581 3542 1607 3336 1596 3298 1610 3276 1619 3276 1619 3274 1619 3274 1619 3271 1619 3271 1619 3271 1619 3269 1619 3269 1619 3269 1619 3267 1619 3255 1610 3238 1598 3089 1598 3048 1612 3041 1615 3041 1615 3039 1615 3039 1615 3037 1615 3037 1615 3034 1615 3034 1615 3034 1615 3029 1612 3020 1607 3013 1612 2984 1631 2982 1631 2982 1631 2982 1631 2980 1631 2980 1631 2980 1631 2759 1634 2757 1634 2757 1634 2757 1634 2676 1615 2621 1603 2579 1617 2515 1636 2512 1636 2512 1636 2512 1638 2379 1638 2377 1636 2377 1636 2301 1617"/></Shape>
	    <String CONTENT="le seigneur des hayes qui commandoit oudict"
                    HPOS="2299.0"
                    VPOS="1508.0"
                    WIDTH="1245.0"
                    HEIGHT="130.0"></String>
          </TextLine>

          
          
          <TextLine ID="eSc_line_1ea2782c"
                    
                    BASELINE="2306 1702 2885 1693 3514 1664" 
                    HPOS="2301.0"
                    VPOS="1596.0"
                    WIDTH="1213.0"
                    HEIGHT="149.0">
            <Shape><Polygon POINTS="2306 1702 2301 1643 2472 1645 2486 1634 2488 1631 2488 1631 2491 1631 2491 1631 2491 1631 2493 1631 2493 1631 2496 1631 2567 1631 2567 1631 2567 1631 2569 1631 2569 1631 2569 1631 2572 1631 2572 1631 2572 1631 2593 1648 2647 1648 2678 1626 2685 1622 2688 1622 2688 1622 2688 1622 2690 1622 2690 1622 2745 1619 2747 1619 2747 1619 2749 1619 2749 1619 2761 1624 2804 1641 3039 1636 3103 1610 3113 1607 3113 1607 3115 1607 3115 1607 3117 1607 3117 1607 3120 1607 3120 1607 3120 1607 3124 1610 3165 1629 3210 1607 3215 1605 3215 1605 3215 1605 3217 1605 3217 1605 3219 1605 3219 1605 3219 1605 3229 1605 3302 1619 3333 1603 3333 1600 3336 1600 3336 1600 3338 1600 3338 1600 3338 1600 3340 1600 3340 1600 3343 1600 3343 1600 3345 1600 3395 1622 3411 1605 3411 1605 3411 1603 3411 1603 3414 1603 3414 1603 3414 1603 3416 1603 3416 1603 3419 1603 3419 1603 3419 1603 3421 1603 3421 1603 3452 1615 3504 1596 3514 1664 3514 1676 3393 1695 3393 1695 3390 1695 3390 1695 3390 1695 3388 1695 3388 1695 3388 1695 3385 1695 3385 1695 3376 1686 3345 1712 3345 1714 3345 1714 3343 1714 3343 1714 3343 1714 3340 1714 3340 1714 3338 1714 3253 1712 3253 1712 3253 1712 3250 1712 3250 1712 3250 1712 3217 1695 3205 1688 3179 1695 3139 1709 3136 1709 3136 1709 3136 1709 3134 1709 3134 1709 3134 1709 3132 1709 3132 1709 3129 1709 3129 1709 3129 1709 3120 1700 3115 1695 3103 1700 3082 1709 3082 1709 3079 1709 3079 1709 3077 1709 3077 1709 3077 1709 3046 1705 3039 1702 3034 1705 3018 1719 3018 1719 3015 1719 3015 1719 3015 1719 3013 1719 3013 1719 3013 1719 3010 1719 3010 1719 3008 1719 3008 1719 3008 1719 3006 1719 3006 1719 2992 1707 2977 1698 2937 1700 2918 1712 2887 1728 2887 1728 2887 1728 2885 1728 2885 1728 2885 1728 2823 1731 2821 1731 2821 1731 2821 1731 2818 1731 2818 1731 2816 1731 2816 1731 2799 1719 2776 1702 2621 1709 2586 1731 2583 1731 2583 1731 2583 1731 2581 1731 2581 1731 2581 1731 2579 1731 2579 1731 2576 1731 2576 1731 2576 1731 2576 1731 2574 1731 2545 1712 2474 1712 2446 1738 2441 1740 2441 1743 2441 1743 2439 1743 2439 1743 2436 1743 2436 1743 2436 1743 2306 1745"/></Shape>
	    <String CONTENT="chasteau demanda a parlementer et sortit"
                    HPOS="2301.0"
                    VPOS="1596.0"
                    WIDTH="1213.0"
                    HEIGHT="149.0"></String>
          </TextLine>

          
          
          <TextLine ID="eSc_line_2c223f6e"
                    
                    BASELINE="2301 1823 3542 1774" 
                    HPOS="2299.0"
                    VPOS="1712.0"
                    WIDTH="1243.0"
                    HEIGHT="147.0">
            <Shape><Polygon POINTS="2301 1823 2299 1752 2365 1769 2386 1755 2389 1755 2389 1755 2389 1755 2391 1755 2391 1755 2394 1755 2621 1759 2650 1740 2652 1738 2655 1738 2655 1738 2655 1738 2657 1738 2657 1738 2657 1738 2659 1738 2659 1738 2659 1738 2662 1738 2662 1738 2664 1738 2664 1740 2683 1750 2752 1736 2773 1733 2773 1733 2773 1733 2776 1733 2776 1733 2778 1733 2778 1733 2785 1736 2821 1750 2849 1733 2856 1728 2859 1728 2859 1728 2861 1728 2861 1728 2861 1728 3041 1721 3044 1721 3044 1721 3046 1721 3046 1721 3060 1726 3096 1740 3136 1724 3153 1717 3153 1717 3155 1717 3155 1717 3155 1717 3219 1714 3222 1714 3222 1714 3224 1714 3224 1714 3241 1721 3271 1733 3290 1719 3293 1717 3293 1717 3295 1717 3295 1717 3298 1717 3298 1717 3298 1717 3300 1717 3300 1717 3300 1717 3302 1717 3302 1717 3307 1719 3336 1731 3535 1712 3542 1774 3540 1811 3426 1792 3359 1819 3355 1819 3355 1819 3352 1819 3352 1819 3350 1819 3350 1819 3350 1819 3347 1819 3347 1819 3347 1819 3345 1819 3345 1819 3345 1819 3324 1800 3257 1821 3248 1823 3245 1823 3245 1823 3245 1823 3243 1823 3243 1823 3226 1821 3132 1804 3082 1826 3070 1830 3070 1830 3067 1830 3067 1830 3067 1830 3065 1830 3065 1830 3063 1830 3046 1826 2996 1814 2961 1828 2946 1835 2946 1835 2944 1835 2944 1835 2944 1835 2942 1835 2942 1835 2894 1830 2783 1819 2735 1835 2707 1845 2707 1845 2704 1845 2704 1845 2702 1845 2702 1845 2633 1838 2538 1828 2477 1842 2446 1849 2446 1849 2446 1849 2443 1849 2443 1849 2443 1849 2441 1849 2441 1849 2439 1849 2439 1849 2432 1845 2417 1833 2391 1845 2360 1859 2360 1859 2358 1859 2358 1859 2358 1859 2356 1859 2356 1859 2353 1859 2353 1859 2353 1859 2351 1859 2351 1859 2337 1847 2325 1838 2303 1847"/></Shape>
	    <String CONTENT="apres auoyr par eulx envoye vng appelle"
                    HPOS="2299.0"
                    VPOS="1712.0"
                    WIDTH="1243.0"
                    HEIGHT="147.0"></String>
          </TextLine>

          
          
          <TextLine ID="eSc_line_62f78766"
                    
                    BASELINE="2303 1925 3480 1885" 
                    HPOS="2301.0"
                    VPOS="1821.0"
                    WIDTH="1179.0"
                    HEIGHT="149.0">
            <Shape><Polygon POINTS="2303 1925 2301 1861 2351 1875 2636 1868 2676 1847 2678 1847 2678 1847 2681 1847 2681 1847 2681 1847 2683 1847 2683 1847 2683 1847 2685 1847 2685 1847 2688 1847 2719 1861 2752 1845 2754 1845 2754 1845 2754 1845 2757 1845 2757 1845 2759 1845 2759 1845 2759 1845 2764 1845 2837 1859 2854 1845 2854 1845 2854 1845 2856 1845 2856 1845 2856 1845 2859 1845 2859 1845 2923 1840 2992 1835 2994 1835 2994 1835 2994 1835 2996 1835 3001 1835 3058 1852 3120 1833 3127 1830 3129 1830 3129 1830 3129 1830 3132 1830 3160 1830 3350 1840 3473 1821 3480 1885 3480 1899 3435 1899 3433 1902 3402 1932 3402 1935 3402 1935 3400 1935 3400 1935 3400 1935 3397 1935 3397 1935 3397 1935 3326 1937 3324 1937 3324 1937 3321 1937 3321 1937 3321 1937 3319 1937 3281 1911 3269 1904 3222 1904 3207 1916 3188 1930 3188 1930 3186 1930 3186 1930 3184 1930 3184 1930 3184 1930 3181 1930 3077 1923 2968 1916 2951 1930 2930 1949 2930 1951 2930 1951 2927 1951 2927 1951 2927 1951 2925 1951 2925 1951 2923 1951 2923 1951 2923 1951 2920 1951 2920 1951 2920 1951 2918 1951 2894 1935 2892 1932 2887 1935 2852 1954 2852 1954 2852 1954 2849 1954 2849 1954 2847 1954 2847 1954 2847 1954 2844 1954 2844 1954 2844 1954 2842 1954 2842 1951 2825 1940 2804 1921 2738 1935 2738 1935 2738 1935 2735 1935 2735 1935 2735 1935 2733 1935 2733 1935 2733 1935 2731 1935 2731 1935 2719 1923 2645 1949 2643 1949 2643 1949 2643 1949 2640 1949 2640 1949 2517 1932 2474 1961 2470 1966 2467 1966 2467 1966 2467 1966 2465 1966 2465 1966 2465 1966 2306 1970"/></Shape>
	    <String CONTENT="qui cheoit oudict chasteau et lors en"
                    HPOS="2301.0"
                    VPOS="1821.0"
                    WIDTH="1179.0"
                    HEIGHT="149.0"></String>
          </TextLine>

          
          
          <TextLine ID="eSc_line_d8a8eacd"
                    
                    BASELINE="2308 2032 3556 1982" 
                    HPOS="2303.0"
                    VPOS="1928.0"
                    WIDTH="1253.0"
                    HEIGHT="137.0">
            <Shape><Polygon POINTS="2308 2032 2303 1980 2391 1980 2417 1975 2488 1958 2488 1958 2488 1958 2491 1958 2491 1958 2493 1958 2493 1958 2526 1970 2536 1975 2541 1970 2553 1958 2553 1958 2553 1956 2553 1956 2555 1956 2555 1956 2557 1956 2557 1956 2557 1956 2607 1954 2610 1954 2610 1954 2678 1966 2693 1968 2697 1966 2721 1949 2723 1949 2723 1949 2723 1949 2726 1949 2726 1949 2728 1949 2728 1949 2818 1961 2840 1963 2844 1961 2868 1944 2871 1944 2871 1944 2871 1944 2873 1944 2873 1944 2873 1944 2875 1944 2875 1944 2878 1944 2878 1944 2913 1958 2916 1958 2920 1958 2961 1940 2961 1940 2963 1940 2963 1940 2963 1940 2965 1940 2965 1940 2968 1940 2968 1940 2968 1940 2970 1940 2970 1940 2970 1942 2984 1956 2984 1956 2987 1956 3020 1942 3020 1942 3022 1942 3022 1942 3025 1942 3025 1942 3025 1942 3027 1942 3027 1942 3027 1942 3048 1954 3051 1954 3172 1951 3174 1949 3196 1930 3196 1930 3198 1930 3198 1930 3198 1930 3200 1930 3200 1930 3203 1930 3203 1930 3203 1930 3205 1930 3205 1930 3243 1947 3267 1928 3267 1928 3269 1928 3269 1928 3271 1928 3271 1928 3271 1928 3274 1928 3274 1928 3274 1928 3276 1928 3276 1928 3312 1944 3314 1944 3549 1937 3556 1982 3556 2018 3497 2020 3495 2020 3495 2020 3495 2020 3495 2020 3492 2020 3492 2020 3490 2020 3490 2020 3490 2018 3473 2004 3457 2018 3457 2020 3457 2020 3454 2020 3454 2020 3454 2020 3452 2020 3452 2020 3411 2023 3409 2023 3409 2023 3407 2023 3319 2001 3262 2001 3200 2032 3200 2032 3200 2032 3198 2032 3198 2032 3198 2032 3160 2034 3075 2034 3072 2034 3072 2034 3070 2034 3070 2034 3070 2034 3025 2013 2980 2027 2977 2027 2977 2027 2977 2027 2975 2027 2975 2027 2923 2018 2897 2039 2897 2039 2894 2039 2894 2039 2892 2039 2892 2039 2892 2039 2889 2039 2889 2039 2889 2039 2818 2023 2731 2051 2726 2051 2723 2051 2723 2051 2721 2051 2721 2051 2721 2051 2714 2051 2610 2030 2462 2053 2462 2053 2460 2053 2460 2053 2460 2053 2458 2053 2458 2053 2458 2053 2427 2037 2308 2065"/></Shape>
	    <String CONTENT="parlementant jceulx de la nouuelle religion"
                    HPOS="2303.0"
                    VPOS="1928.0"
                    WIDTH="1253.0"
                    HEIGHT="137.0"></String>
          </TextLine>

          
          
          <TextLine ID="eSc_line_4e8bd381"
                    
                    BASELINE="2315 2139 3528 2077" 
                    HPOS="2306.0"
                    VPOS="2013.0"
                    WIDTH="1222.0"
                    HEIGHT="168.0">
            <Shape><Polygon POINTS="2315 2139 2306 2082 2351 2060 2351 2060 2353 2060 2353 2060 2353 2060 2356 2060 2405 2063 2405 2063 2405 2063 2408 2063 2408 2063 2408 2063 2410 2063 2410 2063 2424 2075 2434 2082 2541 2068 2593 2063 2593 2063 2595 2063 2595 2063 2598 2063 2598 2063 2598 2063 2602 2065 2619 2072 2638 2063 2678 2044 2678 2044 2678 2044 2681 2044 2681 2044 2683 2044 2683 2044 2683 2044 2685 2044 2685 2044 2719 2058 2723 2060 2731 2058 2771 2039 2771 2039 2773 2039 2773 2039 2773 2039 2776 2039 2776 2039 2861 2051 2913 2058 2951 2046 2958 2044 2961 2044 2961 2044 2961 2044 2963 2044 2984 2044 3077 2049 3089 2039 3105 2025 3105 2023 3105 2023 3108 2023 3108 2023 3110 2023 3110 2023 3110 2023 3290 2013 3293 2013 3293 2013 3295 2013 3295 2013 3295 2013 3298 2013 3317 2025 3333 2037 3521 2015 3528 2077 3525 2098 3409 2096 3376 2110 3369 2113 3369 2113 3366 2113 3366 2113 3366 2113 3364 2113 3364 2113 3362 2113 3355 2110 3319 2101 3302 2115 3298 2117 3298 2120 3298 2120 3295 2120 3295 2120 3293 2120 3293 2120 3293 2120 3290 2120 3290 2120 3290 2120 3288 2120 3288 2120 3286 2120 3286 2120 3283 2117 3262 2103 3203 2103 3160 2125 3155 2127 3155 2127 3155 2127 3153 2127 3153 2127 3150 2127 3150 2127 3150 2127 3148 2127 3148 2127 3143 2127 3110 2110 3084 2129 3067 2143 3067 2143 3065 2143 3065 2143 3063 2143 3063 2143 3063 2143 3015 2146 3013 2146 3013 2146 3013 2146 3010 2146 3010 2146 2989 2136 2949 2120 2856 2143 2854 2143 2854 2143 2852 2143 2852 2143 2849 2143 2849 2143 2804 2127 2787 2139 2785 2139 2785 2139 2785 2139 2783 2139 2783 2139 2780 2139 2780 2139 2780 2139 2735 2129 2700 2155 2693 2162 2693 2162 2690 2162 2690 2162 2688 2162 2688 2162 2688 2162 2685 2162 2685 2162 2683 2162 2666 2158 2628 2148 2605 2162 2600 2167 2598 2167 2598 2167 2598 2167 2595 2167 2595 2167 2595 2167 2510 2170 2507 2170 2507 2170 2505 2170 2505 2170 2505 2170 2505 2170 2503 2170 2503 2170 2503 2167 2486 2153 2451 2174 2448 2174 2448 2174 2448 2174 2446 2174 2446 2174 2446 2174 2315 2181"/></Shape>
	    <String CONTENT="saprocherent et entrerent par force et de"
                    HPOS="2306.0"
                    VPOS="2013.0"
                    WIDTH="1222.0"
                    HEIGHT="168.0"></String>
          </TextLine>

          
          
          <TextLine ID="eSc_line_4d7c5d33"
                    
                    BASELINE="2303 2238 2693 2226 3532 2172" 
                    HPOS="2296.0"
                    VPOS="2110.0"
                    WIDTH="1236.0"
                    HEIGHT="171.0">
            <Shape><Polygon POINTS="2303 2238 2296 2186 2443 2170 2443 2170 2446 2170 2446 2170 2448 2170 2448 2170 2462 2174 2488 2186 2515 2172 2529 2162 2531 2162 2531 2162 2534 2162 2534 2162 2534 2162 2536 2162 2536 2162 2576 2167 2633 2177 2647 2162 2655 2158 2655 2155 2655 2155 2657 2155 2657 2155 2657 2155 2659 2155 2659 2155 2659 2155 2662 2155 2662 2155 2664 2155 2688 2160 2731 2172 2780 2155 2809 2146 2811 2146 2811 2146 2811 2146 2814 2146 2814 2146 2816 2146 2837 2151 2875 2162 3008 2158 3015 2146 3018 2146 3018 2143 3018 2143 3020 2143 3020 2143 3020 2143 3022 2143 3022 2143 3025 2143 3212 2143 3229 2127 3234 2125 3234 2122 3234 2122 3236 2122 3236 2122 3236 2122 3238 2122 3238 2122 3238 2122 3241 2122 3241 2122 3267 2125 3314 2132 3355 2120 3378 2113 3381 2113 3381 2113 3381 2113 3383 2113 3383 2113 3385 2113 3402 2117 3445 2129 3466 2113 3468 2110 3468 2110 3471 2110 3471 2110 3471 2110 3473 2110 3473 2110 3476 2110 3528 2110 3532 2172 3528 2203 3492 2189 3468 2208 3464 2212 3464 2212 3461 2212 3461 2212 3461 2212 3459 2212 3459 2212 3457 2212 3457 2212 3457 2212 3454 2212 3442 2210 3393 2193 3369 2210 3366 2210 3366 2210 3366 2210 3364 2210 3364 2210 3362 2210 3362 2210 3362 2210 3359 2210 3319 2198 3267 2219 3267 2219 3267 2219 3264 2219 3264 2219 3262 2219 3262 2219 3262 2219 3262 2219 3260 2219 3260 2219 3260 2219 3231 2205 3217 2219 3217 2219 3217 2222 3217 2222 3215 2222 3215 2222 3215 2222 3212 2222 3212 2222 3193 2224 3070 2236 3070 2236 3067 2236 3067 2236 3065 2236 3065 2236 3058 2234 3010 2217 2961 2231 2958 2231 2958 2231 2958 2231 2956 2231 2842 2226 2814 2250 2814 2250 2814 2250 2811 2250 2811 2250 2811 2250 2809 2250 2809 2250 2747 2255 2745 2255 2745 2255 2745 2255 2742 2255 2738 2255 2683 2236 2572 2255 2572 2255 2569 2255 2569 2255 2569 2255 2567 2255 2567 2255 2567 2255 2564 2255 2564 2255 2550 2243 2470 2245 2420 2274 2420 2274 2420 2274 2420 2274 2417 2274 2417 2274 2417 2274 2415 2274 2415 2274 2413 2274 2413 2274 2413 2274 2375 2260 2306 2281"/></Shape>
	    <String CONTENT="furie oudict chasteau et y estans tuerent"
                    HPOS="2296.0"
                    VPOS="2110.0"
                    WIDTH="1236.0"
                    HEIGHT="171.0"></String>
          </TextLine>

          
          
          <TextLine ID="eSc_line_c29d7bbc"
                    
                    BASELINE="2313 2347 3015 2300 3459 2286" 
                    HPOS="2303.0"
                    VPOS="2212.0"
                    WIDTH="1158.0"
                    HEIGHT="195.0">
            <Shape><Polygon POINTS="2313 2347 2303 2298 2351 2276 2351 2276 2353 2276 2353 2276 2353 2276 2356 2276 2356 2276 2356 2276 2358 2276 2384 2286 2396 2269 2398 2269 2398 2267 2398 2267 2401 2267 2401 2267 2401 2267 2403 2267 2403 2267 2403 2267 2405 2267 2405 2267 2512 2283 2581 2279 2633 2250 2633 2250 2633 2250 2636 2250 2636 2250 2636 2250 2885 2236 2887 2236 2887 2236 2887 2236 2889 2236 2889 2236 2892 2236 2923 2255 2937 2241 2937 2241 2937 2238 2937 2238 2939 2238 2939 2238 2942 2238 2942 2238 2942 2238 2984 2236 2987 2236 2987 2236 2987 2236 2989 2236 3046 2253 3132 2222 3132 2222 3134 2222 3134 2222 3136 2222 3136 2222 3136 2222 3139 2222 3139 2222 3139 2222 3141 2222 3177 2245 3177 2245 3179 2245 3271 2238 3300 2212 3300 2212 3302 2212 3302 2212 3302 2212 3305 2212 3305 2212 3305 2212 3307 2212 3307 2212 3307 2212 3309 2212 3376 2234 3376 2234 3452 2231 3459 2286 3461 2340 3319 2347 3317 2347 3317 2347 3317 2347 3314 2347 3314 2347 3257 2321 3098 2326 3037 2336 3006 2364 3006 2366 3006 2366 3003 2366 3003 2366 3001 2366 3001 2366 3001 2366 2999 2366 2999 2366 2871 2350 2783 2378 2780 2378 2780 2378 2780 2378 2778 2378 2778 2378 2776 2378 2776 2378 2776 2378 2773 2378 2731 2350 2645 2376 2643 2376 2643 2376 2643 2376 2640 2376 2640 2376 2638 2376 2638 2376 2619 2369 2593 2390 2593 2390 2591 2390 2591 2390 2591 2390 2588 2390 2588 2390 2586 2390 2586 2390 2586 2390 2583 2390 2510 2366 2470 2397 2470 2397 2467 2397 2467 2397 2465 2397 2465 2397 2465 2397 2462 2397 2462 2397 2394 2390 2315 2407"/></Shape>
	    <String CONTENT="de sang froid deux ou troys a de ceulx qui"
                    HPOS="2303.0"
                    VPOS="2212.0"
                    WIDTH="1158.0"
                    HEIGHT="195.0"></String>
          </TextLine>

          
        </TextBlock>
        

        
      </PrintSpace>
    </Page>
  </Layout>
</alto>
